%% New additions by Ignacio, not in order of appearance (pending)

%reinforcement learning applied to flow control

@article{pino2022comparative,
  title={Comparative analysis of machine learning methods for active flow control},
  author={Pino, F. and Schena, L. and Rabault, J. and Kuhnle, A. and Mendez, M.},
  journal={arXiv preprint arXiv:2202.11664},
  year={2022}
}

@article{paris2021,
  title={Robust flow control and optimal sensor placement using deep reinforcement learning},
  author={Paris, R. and Beneddine, S. and Dandois, J. },
  journal={Journal of Fluid Mechanics},
  volume={913},
  year={2021},
}

@article{Ren2021pof,
author = {Ren, F. and Rabault, J. and Tang, H.},
title = {Applying deep reinforcement learning to active flow control in weakly turbulent conditions},
journal = {Physics of Fluids},
volume = {33},
number = {3},
  year={2021},
}

@article{Tang2020pof,
author = {Ren, F. and Rabault, J. and Tang, H.},
title = {{Robust active flow control over a range of Reynolds numbers using an artificial neural network trained through deep reinforcement learning}},
journal = {Physics of Fluids},
volume = {32},
number = {5},
pages = {053605},
  year={2020},
}

@article{Xu2020joh,
author = {Xu, H. and Zhang, W. and Deng, J. and Rabault, J.},
title = {Active flow control with rotating cylinders by an artificial neural network trained by deep reinforcement learning},
journal = {Journal of Hydrodynamics},
volume = {32},
number = {2},
pages = {254–258},
  year={2020},
}

@article{Tartakovsky2020wrr,
author = {Tartakovsky, A. M. and Marrero, C. O. and Perdikaris, P. and Tartakovsky, G. D. and Barajas Solano, D.},
title = {Physics-informed deep neural networks for learning parameters and constitutive relationships in subsurface flow problems},
journal = {Water Resources Research},
volume = {56},
number = {5},
year={2020},
}

@article{Raissi2018jfm,
author = {Raissi, M. and Wang, Z. and Triantafyllou, M. S. and Karniadakis, G. E.},
title = {Deep learning of vortex-induced vibrations},
journal = {Journal of Fluid Mechanics},
volume = {861},
pages = {119–137},
year={2018},
}


@article{Raissi2019prf,
author = {Raissi, M. and Babaee, H. and Givi, P. },
title = {Deep learning of turbulent scalar mixing},
journal = {Physical Review Fluids},
volume = {4},
number = {12},
year={2019},
}

% Other machine learning methodologies (MLC)

@book{banzhaf1998genetic,
  title={Genetic programming: an introduction: on the automatic evolution of computer programs and its applications},
  author={Banzhaf, W. and Nordin, P. and Keller, R. E. and Francone, K. D.},
  year={1998},
  publisher={Morgan Kaufmann Publishers Inc.},
  isbn = {155860510X}
}

@article{Deng2020jfm,
author = {Deng, N. and Noack, B. R. and Morzynski, M. and Pastur, L. R. },
title = {Low-order model for successive bifurcations of the fluidic pinball.},
journal = {Journal of Fluid Mechanics},
volume = {884},
number = {A37},
year={2020},
}

@article{Chen2020jfm,
author = {Chen, W. and Ji, C. and Alam, Md M. and Williams, J. and Xu, D.},
title = {Numerical simulations of f low past three circular cylinders in equilateral-triangular arrangements.},
journal = {Journal of Fluid Mechanics},
volume = {891},
pages = {1-44},
year={2020},
}


@article{Fernex2020jfm,
author = {Fernex, D. and Semann, R. and Albers, M. and Meysonnat, P. S and Schroder, W. and Noack, B. R. },
title = {Self-similar drag reduction formula from sparse data—Optimization of turbulent skin-friction via spanwise travelling surface waves},
journal = {Physics Reviews Fluids},
volume = {5},
number = {7},
pages = {073901:1–18},
year={2020},
}

@article{Ren2020jh,
author = {Ren, F. and Hu, H.-B. and Tang, H. },
title = {Active flow control using machine learning: A brief review},
journal = {Physics Reviews Fluids},
volume = {32},
number = {2},
pages = {247-253},
year={2020},
}


@Article{li2019prf,
  author   = {Li, R. and Boree, J. and Noack, B. R. and Cordier, L. and Harambat, F. },
  journal  = {Physics Reviews Fluids},
  title    = {Drag reduction mechanisms of a car model at moderate yaw by bi-frequency forcing},
  volume = {4},
  number = {3},
  pages = {034604},
  year={2019},
}

@Article{raibaudo2019pof,
    author = {Raibaudo, C. and Zhong, P. and Noack, B. R. and Martinuzzi, R. J.},
    title = {Machine learning strategies applied to the control of a fluidic pinball},
    journal = {Physics of Fluids},
    volume = {32},
    number = {1},
    pages = {015108},
    year = {2020},
    doi = {10.1063/1.5127202}
}

%%

@article{foroozan2021unsupervised,
  title={Unsupervised modelling of a transitional boundary layer},
  author={Foroozan, F and Guerrero, V and Ianiro, A and Discetti, S},
  journal={Journal of Fluid Mechanics},
  volume={929},
  year={2021},
  publisher={Cambridge University Press}
}

@article{Ren2019pof,
    author = {Ren, F. and Wang, C. and Tang, H.},
    title = {Active control of vortex-induced vibration of a circular cylinder using machine learning},
    journal = {Physics of Fluids},
    volume = {31},
    number = {9},
    pages = {093601},
    year = {2019},
    doi = {10.1063/1.5115258}
}

@ARTICLE{Nair2019jfm,
         AUTHOR = {Nair, A. and
                   Yeh, C.-A. and
                   Kaiser, E. and
                   Noack, B.~R. and
                   Brunton, S.~L. and
                   Tiara, K.},
         YEAR   = 2019,
         TITLE  = {Cluster-based feedback control 
                   of turbulent post-stall separated flows},
         JOURNAL= {J.~Fluid Mech.},
         VOLUME = {875},
         PAGES = {345--375}
}
@ARTICLE{Blanchard2022ams,
     AUTHOR = {Blanchard, A. and
               Cornejo Maceda, G.~Y. and
               Fan, D. and
               Li, Y.~Q. and
               Zhou, Y. and
               Noack, B.~R. and
               Sapsis, T.},
     YEAR   = 2022,
     TITLE  = {Bayesian optimization of active flow control},
     JOURNAL= {Acta Mechanica Sinica},
     VOLUME = {(online)},
     URL={https://doi.org/10.1007/s10409-021-01149-0}}
@ARTICLE{Parezanovic2016jfm,
     AUTHOR = {Parezanovi\'c, V. and
               Cordier, L. and
               Spohn, A. and
               Duriez, T. and
               Noack, B.~R. and
               Bonnet, J.-P. and
               Segond, M. and
               Abel, M. and
               Brunton, S.~L.},
     YEAR   = 2016,
     TITLE  = {Frequency selection by feedback control in a turbulent shear flow},
     JOURNAL= {J.\ Fluid Mech.},
 VOLUME = {797},
 PAGES  = {247--283}
 }
	 
@ARTICLE{cornejomaceda2019pamm,
     AUTHOR = {Cornejo Maceda, G.~Y. and
               Noack, B.~R. and
               Lusseyran, F. and
               Deng, N. and
               Pastur, L. and
               Morzy\'nski, M.},
     YEAR    = {2019},
     TITLE   = {Artificial intelligence control applied to drag reduction of the fluidic pinball},
     JOURNAL = {Proc.\ Appl.\ Math.\ Mech.},
     VOLUME  = 19,
     NUMBER  = 1,
     ARTICLE = e201900268,
     PAGES   = {1--2}
 }
         
@PHDTHESIS{cornejomacedaPhD,
     AUTHOR = {Cornejo Maceda, G.~Y.},
     YEAR   = 2021,
     TITLE  = {Gradient-enriched machine learning control exemplified for
					shear flows in simulations and
					experiments},
     SCHOOL = {Universit\'e Paris-Saclay}
}
         
@book{Wahde2008book,
  title={Biologically Inspired Optimization Methods: An Introduction},
  author={Wahde, M.},
  year={2008},
  publisher={WIT Press}
}

@inproceedings{Noack2019control,
  title     = {Closed-Loop Turbulence Control-From Human to Machine Learning (and Retour)},
  author    = {Noack, B. R.},
         EDITOR = {Zhou, Y. and 
                   Kimura, M. and 
                   Peng, G. and 
                   Lucey, A.~D. and 
                   Hung, L.},
         BOOKTITLE = {Fluid-Structure-Sound Interactions and Control. 
                                 Proceedings of the 4th Symposium on Fluid-Structure-Sound Interactions and Control},
  isbn      = {978-981-10-7541-4 978-981-10-7542-1},
  publisher = {Springer Singapore},
  year      = {2019},
  doi       = {10.1007/978-981-10-7542-1_3}
}

@article{BruntonNoackKoumoutsakos2020,
    author = {Brunton, S. L. and Noack, B. R. and Koumoutsakos, P.},
    title = {{Machine Learning for Fluid Mechanics}},
    journal = {{Annual Review of Fluid Mechanics}},
    volume = {52},
    number = {1},
    pages = {477-508},
    year = {2020},
    doi = {10.1146/annurev-fluid-010719-060214}
}

@article{rabault2020DRL,
  title={Deep Reinforcement Learning Applied to Active Flow Control},
  author={Rabault, Jean and Kuhnle, Alexander},
  journal={ResearchGate Preprint https://doi. org/10.13140/RG},
  volume={2},
  number={10482.94404},
  year={2020}
}

@Article{li2017GP,
  author   = {Li, R. and Noack, B. R. and Cordier, L. and Bor\'ee, J. and Harambat, F.},
  journal  = {Experiments in Fluids},
  title    = {Drag reduction of a car model by linear genetic programming control},
  year     = {2017},
  issn     = {0723-4864, 1432-1114},
  number   = {8},
  pages    = {103},
  volume   = {58},
  doi      = {10.1007/s00348-017-2382-2}
}

@Article{fransson2006delay,
  author   = {Fransson, J. H. M. and Talamelli, A. and Brandt, L. and Cossu, C.},
  journal  = {{Physical Review Letters}},
  title    = {Delaying {Transition} to {Turbulence} by a {Passive} {Mechanism}},
  year     = {2006},
  issn     = {0031-9007, 1079-7114},
  number   = {6},
  pages    = {064501},
  volume   = {96},
  doi      = {10.1103/PhysRevLett.96.064501}
}

@article{Bearman1993dimples,
    author = {Bearman, P. W. and Harvey, J. K.},
    title = {Control of circular cylinder flow by the use of dimples},
    journal = {AIAA Journal},
    volume = {31},
    number = {10},
    pages = {1753-1756},
    year = {1993},
    doi = {10.2514/3.11844}
}

@article{Ozono1999splitter,
    author = {Ozono,S.},
    title = {Flow control of vortex shedding by a short splitter plate asymmetrically arranged downstream of a cylinder},
    journal = {Physics of Fluids},
    volume = {11},
    number = {10},
    pages = {2928-2934},
    year = {1999},
    doi = {10.1063/1.870151}
}

@article{Shahinfar2012_delay,
  title = {{Revival of Classical Vortex Generators Now for Transition Delay}},
  author = {Shahinfar, S. and Sattarzadeh, S. S. and Fransson, J. H. M. and Talamelli, A.},
  journal  = {{Physical Review Letters}},
  volume = {109},
  issue = {7},
  pages = {5},
  year = {2012},
  publisher = {American Physical Society},
  doi = {10.1103/PhysRevLett.109.074501}
}

@Inbook{Williams1989,
    author={Williams, D. R. and Amato, C. W.},
    editor={Gad-el-Hak, Mohamed},
    title={Unsteady Pulsing of Cylinder Wakes},
    bookTitle={Frontiers in Experimental Fluid Mechanics},
    year={1989},
    publisher={Springer Berlin Heidelberg},
    address={Berlin, Heidelberg},
    pages={337--364},
    isbn={978-3-642-83831-6},
    doi={10.1007/978-3-642-83831-6_7}
}

@article{schoppa_large-scale_1998,
	title = {A large-scale control strategy for drag reduction in turbulent boundary layers},
	volume = {10},
	issn = {1070-6631, 1089-7666},
	doi = {10.1063/1.869789},
	number = {5},
	journal = {Physics of Fluids},
	author = {Schoppa, W. and Hussain, F.},
	year = {1998},
	pages = {1049--1051}
}

@Article{glezer2011control,
  author   = {Glezer, A.},
  journal  = {{Philosophical Transactions of the Royal Society A: Mathematical, Physical and Engineering Sciences}},
  title    = {Some aspects of aerodynamic flow control using synthetic-jet actuation},
  year     = {2011},
  issn     = {1364-503X, 1471-2962},
  number   = {1940},
  pages    = {1476--1494},
  volume   = {369},
  doi      = {10.1098/rsta.2010.0374}
}

@Article{cheng2003shedding,
  author   = {Cheng, L. and Zhou, Y. and Zhang, M. M.},
  journal  = {Journal of Fluids and Structures},
  title    = {Perturbed interaction between vortex shedding and induced vibration},
  year     = {2003},
  issn     = {08899746},
  number   = {7},
  pages    = {887--901},
  volume   = {17},
  doi      = {10.1016/S0889-9746(03)00042-2}
}

@article{zhang_closed-loop_2004,
    author = {Zhang, M. M. and Cheng, L. and Zhou, Y.},
	title = {Closed-loop control of fluid–structure interactions on a flexibly supported cylinder},
	volume = {23},
	issn = {09977546},
	doi = {10.1016/j.euromechflu.2003.05.005},
	number = {1},
	journal = {European Journal of Mechanics - B/Fluids},
	year = {2004},
	pages = {189--197}
}

@article{semaan2016coanda,
	title = {Reduced-order modelling of the flow around a high-lift configuration with unsteady {Coanda} blowing},
	volume = {800},
	issn = {0022-1120, 1469-7645},
	doi = {10.1017/jfm.2016.380},
	journal = {Journal of Fluid Mechanics},
	author = {Semaan, R. and Kumar, P. and Burnazzi, M. and Tissot, G. and Cordier, L. and Noack, B. R.},
	year = {2016},
	pages = {72--110}
}

@Book{duriez2017book,
  author    = {Duriez, T. and Brunton, S. L. and Noack, B. R.},
  publisher = {Springer International Publishing},
  title     = {Machine {Learning} {Control} – {Taming} {Nonlinear} {Dynamics} and {Turbulence}},
  year      = {2017},
  isbn      = {978-3-319-40623-7 978-3-319-40624-4},
  series    = {Fluid {Mechanics} and {Its} {Applications}},
  volume    = {116},
  doi       = {10.1007/978-3-319-40624-4}
}

@Book{gadelhak2000FC,
  author     = {{Gad-el-Hak}, M.},
  publisher  = {Cambridge University Press},
  title      = {Flow control: passive, active, and reactive flow management},
  year       = {2000},
  address    = {Cambridge ; New York},
  isbn       = {978-0-521-77006-4}
}

@Article{rabault2019DRL,
  author   = {Rabault, J. and Kuhnle, A.},
  journal  = {Physics of Fluids},
  title    = {Accelerating Deep Reinforcement Learning strategies of Flow Control through a multi-environment approach},
  year     = {2019},
  issn     = {1070-6631, 1089-7666},
  number   = {9},
  pages    = {094--105},
  volume   = {31},
  doi      = {10.1063/1.5116415},
  publisher={AIP Publishing LLC}
}

@Article{Koza1994,
  author   = {J. Koza},
  title    = {Genetic programming as a means for programming computers by natural selection},
  journal  = {Statistics and Computing 4},
  year     = {1994},
  doi      = {10.1007/bf00175355}
}

@book{Banzhaf1997,
  author   = {Banzhaf, W and Nordin, P. and Keller, R. E.},
  title    = {Genetic Programming: An Introduction},
  publisher = {Springer Singapore},
  year     = {1997}
}

@Article{Vanneschi2012,
  author   = {Vanneschi and R. Poli},
  title    = {Genetic programming—introduction, applications, theory and open issues},
  journal  = {Handbook of Natural Computing},
  year     = {2012}
}

@Article{duriez2014MLC,
  author   = {Duriez, T. and Parezanović, V. and Cordier, L. and Noack, B. R. and Delville, J. and Bonnet, J. P. and Segond, M. and Abel, M.},
  journal  = {arXiv:1404.4589 [nlin, physics:physics]},
  title    = {Closed-{Loop} {Turbulence} {Control} {Using} {Machine} {Learning}},
  year     = {2014},
  note     = {arXiv: 1404.4589}
}

@article{wu_jet_2018,
	title = {Jet mixing optimization using machine learning control},
	volume = {59},
	issn = {0723-4864, 1432-1114},
	doi = {10.1007/s00348-018-2582-4},
	number = {8},
	journal = {Experiments in Fluids},
	author = {Wu, Zhi and Dewei, Fan and Zhou, Yu and Li, Ruiying and Noack, Bernd R.},
	year = {2018},
	note = {arXiv: 1802.01252},
	pages = {131}
}

@article{zhou_artificial_2020,
	title = {Artificial intelligence control of a turbulent jet},
	volume = {897},
	issn = {0022-1120, 1469-7645},
	journal = {Journal of Fluid Mechanics},
	author = {Zhou, Yu and Fan, Dewei and Zhang, Bingfu and Li, Ruiying and Noack, Bernd R.},
	year = {2020}
}

@Article{gautier2015MLC,
  author   = {Gautier, N. and Aider, J. L. and Duriez, T. and Noack, B. R. and Segond, M. and Abel, M.},
  journal  = {Journal of Fluid Mechanics},
  title    = {Closed-loop separation control using machine learning},
  year     = {2015},
  issn     = {0022-1120, 1469-7645},
  pages    = {442--457},
  volume   = {770},
  doi      = {10.1017/jfm.2015.95}
}

@Article{Debien2016,
  author={Debien, A. and von Krbek, K. A. F. F. and Mazellier, N. and Duriez, T. and Cordier, L. and Noack, B. R. and Abel, M. W. and Kourta, A.},
    title={Closed-loop separation control over a sharp edge ramp using genetic programming},
    journal={Experiments in Fluids},
    year={2016},
    volume={57},
    number={3},
    pages={40},
    issn={1432-1114},
    doi={10.1007/s00348-016-2126-8}
}

@Article{Benard2016,
  author   = {Benard, N. and Pons-Prats, J. and Periaux, J. and Bugeda, G. and Braud, P and Bonnet, J. P. and Moreau, E.},
  title    = {Turbulent separated shear flow control by surface plasma actuator: experimental optimization by genetic algorithm approach},
  year     = {2016},
  journal = {Experiments in Fluids 57},
  doi     = {10.1007/s00348-015-2107-3}
}

@Article{cornejo2021gMLC,
  author   = {Cornejo Maceda, G. Y. and Li, Y. and Lusseyran, F. and Morzyński, M. and Noack, B. R.},
  journal  = {Journal of Fluid Mechanics},
  title    = {Stabilization of the fluidic pinball with gradient-enriched machine learning control},
  year     = {2021},
  issn     = {0022-1120, 1469-7645},
  pages    = {A42},
  volume   = {917},
  doi      = {10.1017/jfm.2021.301}
}

@Article{Lee1997NN,
  author   = {C. Lee and J. Kim and D. Babcock and R. Goodman},
  journal  = {Physics of Fluids},
  title    = {Application of neural networks to turbulence control for drag reduction},
  year     = {1997},
  pages    = {1740-1747},
  volume   = {9}
}

@Article{Silver2012go,
  author   = {D. Silver and A. Huang and C. J. Maddison and A. Guez and L. Sifre and G. van den Driessche and J. Schrittwieser and I. Antonoglou and V. Panneershelvam and M. Lanctot and S. Dieleman and D. Grewe and J. Nham and N. Kalchbrenner and I. Sutskever and T. Lillicrap and M. Leach and K. Kavukcuoglu and T. Graepel and D. Hassabis},
  title    = {Mastering the game of go with deep neural networks and tree search},
  journal  = {Nature},
  year     = {2016},
  pages    = {484-489},
  volume   = {529}
}

@article{silver_general_2018,
	title = {A general reinforcement learning algorithm that masters chess, shogi, and {Go} through self-play},
	volume = {362},
	number = {6419},
	journal = {Science},
	author = {Silver, David and Hubert, Thomas and Schrittwieser, Julian and Antonoglou, Ioannis and Lai, Matthew and Guez, Arthur and Lanctot, Marc and Sifre, Laurent and Kumaran, Dharshan and Graepel, Thore},
	year = {2018},
	publisher = {American Association for the Advancement of Science},
	pages = {1140--1144}
}

@Article{Szita2012games,
  author   = {I.Szita},
  title    = {Reinforcement learning in games},
  journal  = {Adaptation, Learning, and Optimization},
  year     = {2012}
}

@book{sutton2018reinforcement,
  title={Reinforcement learning: An introduction},
  author={Sutton, Richard S and Barto, Andrew G},
  year={2018},
  publisher={MIT press}
}

@Article{Kober2014robotics,
  author   = {J. Kober and J. Peters},
  title    = {Reinforcement learning in robotics: A survey},
  journal  = {Springer Tracts in Advanced Robotics},
  year     = {2014},
  pages    = {9-67}
}

@Article{koumoutsakos2001mixing,
  author  = {Koumoutsakos, P. and Freund, J. and Parekh, D.},
  journal = {AIAA journal},
  title   = {Evolution strategies for automatic optimization of jet mixing},
  year    = {2001},
  number  = {5},
  pages   = {967-969},
  volume  = {39}
}

@Article{gazzola2014RL,
  author  = {Gazzola, M. and Hejazialhosseini, B. and Koumoutsakos, P.},
  journal = {SIAM Journal on Scientific Computing},
  title   = {Reinforcement learning and wavelet adapted vortex methods for simulations of self-propelled swimmers},
  year    = {2014},
  publisher    = {SIAM},
  number  = {3},
  pages   = {B622-B639},
  volume  = {36}
}

@InProceedings{bohn2019DRL,
  author    = {Bøhn, E. and Coates, E. M. and Moe, S. and Johansen, T. A.},
  booktitle = {2019 {International} {Conference} on {Unmanned} {Aircraft} {Systems} ({ICUAS})},
  title     = {Deep reinforcement learning attitude control of fixed-wing uavs using proximal policy optimization},
  year      = {2019},
  pages     = {523-533},
  publisher = {IEEE}
}

@article{reddy_learning_2016,
	title = {Learning to soar in turbulent environments},
	volume = {113},
	number = {33},
	journal = {Proceedings of the National Academy of Sciences},
	author = {Reddy, Gautam and Celani, Antonio and Sejnowski, Terrence J. and Vergassola, Massimo},
	year = {2016},
	publisher = {National Acad Sciences},
	pages = {E4877-E4884}
}

@Article{Pivot2017,
  author   = {C. Pivot and L. Cordier and L. Mathelin},
  title    = {A continuous reinforcement learning strategy for closed-loop control in fluid dynamics},
  journal  = {35th AIAA Applied Aerodynamics Conference},
  year     = {2017}
}

@Article{rabault2019JFM,
  author   = {Rabault, Jean and Kuchta, Miroslav and Jensen, Atle and Réglade, Ulysse and Cerardi, Nicolas},
  title    = {Artificial neural networks trained through deep reinforcement learning discover control strategies for active ﬂow control},
  journal={Journal of fluid mechanics},
  volume={865},
  pages={281-302},
  year={2019},
  publisher={Cambridge University Press}
}

@Article{Fan2020,
  author   = {D. Fan and L. Yang and Z. Wang and M. S. Triantafyllou and G. E. Karniadakis},
  title    = {Reinforcement learning for bluff body active flow control in experiments and simulations},
  journal  = {Proceedings of the National Academy of Sciences},
  year     = {2020},
  volume   = {117}
}

@Article{li2021ReLe,
  author   = {Li, J. and Zhang, M.},
  journal  = {Journal of Fluid Mechanics}, 
  title    = {Reinforcement-learning-based control of confined cylinder wakes with stability analyses},
  volume = {932},
  number = {44}, 
  year = {2021},
  doi = {10.1017/jfm.2021.1045}
}

@Article{Bucci2019,
  author   = {M. A. Bucci and O. Semeraro and A. Allauzen and G. Wisniewski and L. Cordier and L. Mathelin},
  title    = {Control of chaotic systems by deep reinforcement learning},
  journal  = {Proceedings of the Royal Society},
  year     = {2019},
  volume   = {475}
}

@Article{Beintema2020,
  author   = {G. Beintema and A. Corbetta and L. Biferale and F. Toschi},
  title    = {Controlling rayleigh–bénard convection via reinforcement learning},
  journal  = {Journal of Turbulence},
  year     = {2020},
  pages    = {585-605},
  volume   = {21}
}

@Article{Belus2019,
  title={Exploiting locality and physical invariants to design effective Deep Reinforcement Learning control of the unstable falling liquid film},
  author={Belus, Vincent and Rabault, Jean and Viquerat, Jonathan and Che, Zhizhao and Hachem, Elie and Reglade, Ulysse},
  journal={arXiv preprint arXiv:1910.07788},
  year={2019}
}

@article{schulman_proximal_2017,
	title = {Proximal {Policy} {Optimization} {Algorithms}},
	author = {Schulman, John and Wolski, Filip and Dhariwal, Prafulla and Radford, Alec and Klimov, Oleg},
	year = {2017},
	note = {arXiv: 1707.06347}
}

@article{schulman_trust_2017,
	title = {Trust {Region} {Policy} {Optimization}},
	author = {Schulman, John and Levine, Sergey and Moritz, Philipp and Jordan, Michael I. and Abbeel, Pieter},
	year = {2017},
	note = {arXiv: 1502.05477}
}

@Article{mnih2015DRL,
  author   = {Mnih, V. and Kavukcuoglu, K. and Silver, D. and Rusu, A. A. and Veness, J. and Bellemare, M. G. and Graves, A. and Riedmiller, M. and Fidjeland, A. K. and Ostrovski, G. and Petersen, S. and Beattie, C. and Sadik, A. and Antonoglou, I. and King, H. and Kumaran, D. and Wierstra, D. and Legg, S. and Hassabis, D.},
  journal  = {Nature},
  title    = {Human-level control through deep reinforcement learning},
  year     = {2015},
  issn     = {0028-0836, 1476-4687},
  number   = {7540},
  pages    = {529--533},
  volume   = {518},
  doi      = {10.1038/nature14236}
}

@Article{gu2016Qlearn,
  author   = {Gu, S. and Lillicrap, T. and Sutskever, I. and Levine, S.},
  journal  = {arXiv:1603.00748 [cs]},
  title    = {Continuous {Deep} {Q}-{Learning} with {Model}-based {Acceleration}},
  year     = {2016},
  note     = {arXiv: 1603.00748}
}

@incollection{schafer_benchmark_1996,
	title = {Benchmark computations of laminar flow around a cylinder},
	booktitle = {Flow simulation with high-performance computers {II}},
	publisher = {Springer},
	author = {Schäfer, Michael and Turek, Stefan and Durst, Franz and Krause, Egon and Rannacher, Rolf},
	year = {1996},
	pages = {547--566}
}

@Book{logg2012book,
  author     = {Logg, A. and Mardal, K. A. and Wells, G.},
  publisher  = {Springer Science \& Business Media},
  title      = {Automated solution of differential equations by the finite element method: {The} {FEniCS} book},
  year       = {2012},
  volume     = {84}
}

@Article{geuzaine2009gmsh,
  author     = {Geuzaine, C. and Remacle, J.F.},
  journal    = {International journal for numerical methods in engineering},
  title      = {Gmsh: {A} 3-{D} finite element mesh generator with built-in pre-and post-processing facilities},
  year       = {2009},
  publisher  = {Wiley Online Library},
  number     = {11},
  pages      = {1309--1331},
  volume     = {79}
}

@Article{LeCun2015,
    author={LeCun, Y. and Bengio, Y. and Hinton, G.},
    title={Deep learning},
    journal={Nature},
    year={2015},
    day={01},
    volume={521},
    number={7553},
    pages={436-444},
    issn={1476-4687},
    doi={10.1038/nature14539}
}

@book{Goodfellow2016book,
    title={Deep Learning},
    author={Ian Goodfellow and Yoshua Bengio and Aaron Courville},
    publisher={MIT Press},
    year={2016}
}

@article{Fernex2021,
    author = {Fernex, D. and Noack, B.~N. and Semaan, R.},
    title = {Cluster-based network modeling---From snapshots to complex dynamical systems},
    journal = {Science Advances},
    volume = {7},
    number = {25},
    year = {2021},
    doi = {10.1126/sciadv.abf5006}
}

@article{LiH2021jfm,
	title={Cluster-based network model of an incompressible mixing layer},
	volume={906}, 
	doi={10.1017/jfm.2020.785},
	journal={J. Fluid Mech.},
	publisher={Cambridge University Press},
	author={Li, H. and Fernex, D. and Semaan, R. and Tan, J. and Morzy\'{n}ski, M. and Noack, B. R.},
	year={2021}
}

@INPROCEEDINGS{Kaiser2017ifac,
    AUTHOR = {Kaiser, E. and Li, R. and Noack, B.~R.},
    YEAR   = {2017},
    TITLE  = {On the control landscape topology},
    BOOKTITLE = {The 20th World Congress of the International Federation of Automatic Control (IFAC)},
    ADDRESS= {Toulouse, France},
    PAGES  = {1--4}
}

@ARTICLE{LiA2022jfm,
    AUTHOR = {Li, Y. and Cui, W. and Jia, Q. and Li, Q. and Yang, Z. and Morzy\'nski, M. and Noack, B.~R.},
    YEAR   = 2022,
    TITLE  = {Explorative gradient method for active drag reduction of the fluidic pinball and slanted Ahmed body},
    JOURNAL= {Journal of Fluid Mechanics},
    VOLUME={932},
    doi={10.1017/jfm.2021.974},
    publisher={Cambridge University Press}
}