% Encoding: UTF-8

@InCollection{Lin1992LEeffect,
  author    = {Lin, N. and Reed, H. L. and Saric, W. S.},
  booktitle = {Instability, Transition, and Turbulence},
  publisher = {Springer},
  title     = {Effect of leading-edge geometry on boundary-layer receptivity to freestream sound},
  year      = {1992},
  pages     = {421--440},
  doi       = {https://doi.org/10.1007/978-1-4612-2956-8_42},
}

@Article{sanmiguel2017diagnostic,
  author    = {{Sanmiguel Vila}, C. and Vinuesa, R. and Discetti, S. and Ianiro, A. and Schlatter, P. and {\"O}rl{\"u}, R.},
  journal   = {Journal of Fluid Mechanics},
  title     = {On the identification of well-behaved turbulent boundary layers},
  year      = {2017},
  pages     = {109--138},
  volume    = {822},
  doi       = {10.1017/jfm.2017.258},
  publisher = {Cambridge University Press},
}

@Article{jukes2013plasmaVG,
  author    = {Jukes, T.N. and Choi, K. S.},
  journal   = {Journal of Fluid Mechanics},
  title     = {On the formation of streamwise vortices by plasma vortex generators},
  year      = {2013},
  pages     = {370--393},
  volume    = {733},
  doi       = {https://doi.org/10.1017/jfm.2013.418},
  publisher = {Cambridge University Press},
}

@Article{scarano2000iterativePIV,
  author    = {Scarano, F. and Riethmuller, M. L.},
  journal   = {Experiments in Fluids},
  title     = {Advances in iterative multigrid PIV image processing},
  year      = {2000},
  number    = {1},
  pages     = {S051--S060},
  volume    = {29},
  doi       = {https://doi.org/10.1007/s003480070007},
  publisher = {Springer},
}

@Article{scarano2001iterativeimgdef,
  author    = {Scarano, F.},
  journal   = {Measurement Science and Technology},
  title     = {Iterative image deformation methods in {PIV}},
  year      = {2001},
  month     = {nov},
  number    = {1},
  pages     = {R1--R19},
  volume    = {13},
  doi       = {10.1088/0957-0233/13/1/201},
  publisher = {{IOP} Publishing},
}

@Article{westerweel2005outlier,
  author    = {Westerweel, J. and Scarano, F.},
  journal   = {Experiments in fluids},
  title     = {Universal outlier detection for {PIV} data},
  year      = {2005},
  number    = {6},
  pages     = {1096--1100},
  volume    = {39},
  doi       = {https://doi.org/10.1007/s00348-005-0016-6},
  publisher = {Springer},
}

@Article{kahler2012resolution,
  author    = {K{\"a}hler, C. J. and Scharnowski, S. and Cierpka, C.},
  journal   = {Experiments in fluids},
  title     = {On the resolution limit of digital particle image velocimetry},
  year      = {2012},
  number    = {6},
  pages     = {1629--1639},
  volume    = {52},
  doi       = {10.1007/s00348-012-1280-x},
  publisher = {Springer},
}

@Article{aguera2016EPTV,
  author    = {Ag{\"u}era, N. and Cafiero, G. and Astarita, T. and Discetti, S.},
  journal   = {Measurement Science and Technology},
  title     = {Ensemble 3D {PTV} for high resolution turbulent statistics},
  year      = {2016},
  month     = {oct},
  number    = {12},
  pages     = {124011},
  volume    = {27},
  doi       = {10.1088/0957-0233/27/12/124011},
  publisher = {{IOP} Publishing},
}

@Article{vila2017adverse,
  author    = {{Sanmiguel Vila}, C. and {\"O}rl{\"u}, R. and Vinuesa, R. and Schlatter, P. and Ianiro, A. and Discetti, S.},
  journal   = {Flow, turbulence and combustion},
  title     = {Adverse-pressure-gradient effects on turbulent boundary layers: statistics and flow-field organization},
  year      = {2017},
  number    = {3-4},
  pages     = {589--612},
  volume    = {99},
  doi       = {https://doi.org/10.1007/s10494-017-9869-z},
  publisher = {Springer},
}

@Article{prandtl1904,
  author  = {Prandtl, L.},
  journal = {Verhandl. III, Internationaler Mathematiker-Kongress, Heidelberg, Teubner, Leipzig, 1904},
  title   = {{\"U}ber Flussigkeitsbewegung bei sehr kleiner Reibung},
  year    = {1904},
  pages   = {484--491},
}

@Article{reynolds1961analogy,
  author    = {Reynolds, O.},
  journal   = {Papers on Mechanical and Physical subjects},
  title     = {On the extent and action of the heating surface of steam boilers},
  year      = {1901},
  pages     = {81},
  volume    = {1},
  doi       = {https://doi.org/10.1016/0017-9310(61)90087-4},
  publisher = {Cambridge Univiversity Press},
}

@Article{churchill1997critique,
  author    = {Churchill, S. W.},
  journal   = {Industrial \& {E}ngineering chemistry research},
  title     = {Critique of the classical algebraic analogies between heat, mass, and momentum transfer},
  year      = {1997},
  number    = {9},
  pages     = {3866--3878},
  volume    = {36},
  doi       = {https://pubs.acs.org/doi/pdf/10.1021/ie960750a},
  publisher = {{ACS} Publications},
}

@Article{colburn1964analogy,
  author  = {A. P. Colburn},
  journal = {International Journal of Heat and Mass Transfer},
  title   = {A method of correlating forced convection heat-transfer data and a comparison with fluid friction},
  year    = {1964},
  issn    = {0017-9310},
  number  = {12},
  pages   = {1359 - 1384},
  volume  = {7},
  doi     = {https://doi.org/10.1016/0017-9310(64)90125-5},
}

@Article{Chilton1934Jfactor,
  author    = {Chilton, T. H. and Colburn, A. P.},
  journal   = {Industrial {\&} Engineering Chemistry},
  title     = {Mass Transfer (Absorption) Coefficients Prediction from Data on Heat Transfer and Fluid Friction},
  year      = {1934},
  issn      = {0019-7866},
  month     = {Nov},
  number    = {11},
  pages     = {1183-1187},
  volume    = {26},
  day       = {01},
  doi       = {10.1021/ie50299a012},
  publisher = {American Chemical Society},
}

@Article{raiola2017timeresHT,
  author  = {M. Raiola and C. S. Greco and M. Contino and S. Discetti and A. Ianiro},
  journal = {{I}nternational {J}ournal of {H}eat and {M}ass {T}ransfer},
  title   = {Towards enabling time-resolved measurements of turbulent convective heat transfer maps with {IR} thermography and a heated thin foil},
  year    = {2017},
  issn    = {0017-9310},
  pages   = {199 - 209},
  volume  = {108},
  doi     = {https://doi.org/10.1016/j.ijheatmasstransfer.2016.12.002},
}

@Article{carlomagno2010IR,
  author  = {Carlomagno, G. M. and Cardone, G.},
  journal = {Experiments in Fluids},
  title   = {Infrared thermography for convective heat transfer measurements},
  year    = {2010},
  issn    = {1432-1114},
  month   = {Dec},
  number  = {6},
  pages   = {1187-1218},
  volume  = {49},
  day     = {01},
  doi     = {10.1007/s00348-010-0912-2},
}

@Book{astarita2012infrared,
  author    = {Astarita, T. and Carlomagno, G. M.},
  publisher = {Springer Science \& Business Media},
  title     = {Infrared thermography for thermo-fluid-dynamics},
  year      = {2012},
  doi       = {10.1007/978-3-642-29508-9},
  issn      = {1613-222X},
}

@Article{deluca1995IR,
  author  = {De Luca, L. and Guglieri, G. and Cardone, G. and Carlomagno, G. M.},
  journal = {{AIAA} Journal},
  title   = {Experimental analysis of surface flow on a delta wing by infrared thermography},
  year    = {1995},
  number  = {8},
  pages   = {1510-1512},
  volume  = {33},
  doi     = {10.2514/3.12574},
}

@Article{cardone1900disk,
  author    = {Cardone, G. and Astarita, T. and Carlomagno, G. M.},
  journal   = {International {J}ournal of {R}otating {M}achinery},
  title     = {Heat Transfer Measurements on a Rotating Disk},
  year      = {1900},
  issn      = {1023-621X},
  month     = {Jan},
  pages     = {912069},
  volume    = {3},
  day       = {01},
  doi       = {10.1155/S1023621X97000018},
  publisher = {{H}indawi {P}ublishing {C}orporation},
}

@Article{buchlin2002ribs,
  author  = {J. M. Buchlin},
  journal = {International Journal of Thermal Sciences},
  title   = {Convective heat transfer in a channel with perforated ribs},
  year    = {2002},
  issn    = {1290-0729},
  number  = {4},
  pages   = {332 - 340},
  volume  = {41},
  doi     = {https://doi.org/10.1016/S1290-0729(02)01323-6},
}

@Article{fenot2005jets,
  author  = {M. Fenot and J. J. Vullierme and E. Dorignac},
  journal = {International Journal of Thermal Sciences},
  title   = {Local heat transfer due to several configurations of circular air jets impinging on a flat plate with and without semi-confinement},
  year    = {2005},
  issn    = {1290-0729},
  number  = {7},
  pages   = {665 - 675},
  volume  = {44},
  doi     = {https://doi.org/10.1016/j.ijthermalsci.2004.12.002},
}

@Article{giordano2012crossflow,
  author  = {R. Giordano and A. Ianiro and T. Astarita and G. M. Carlomagno},
  journal = {Applied Thermal Engineering},
  title   = {Flow field and heat transfer on the base surface of a finite circular cylinder in crossflow},
  year    = {2012},
  issn    = {1359-4311},
  pages   = {79 - 88},
  volume  = {49},
  doi     = {https://doi.org/10.1016/j.applthermaleng.2011.10.029},
}

@Article{He2016rib,
  author  = {He, C. and Liu, Y. and Peng, D. and Yavuzkurt, S.},
  journal = {Experiments in Fluids},
  title   = {Measurement of flow structures and heat transfer behind a wall-proximity square rib using TSP, {PIV} and split-fiber film},
  year    = {2016},
  issn    = {1432-1114},
  month   = {Oct},
  number  = {11},
  pages   = {165},
  volume  = {57},
  day     = {13},
  doi     = {10.1007/s00348-016-2262-1},
}

@Article{mallor2018cubes,
  author  = {F. Mallor and C. {Sanmiguel Vila} and A. Ianiro and S. Discetti},
  journal = {International Journal of Heat and Mass Transfer},
  title   = {Wall-mounted perforated cubes in a boundary layer: Local heat transfer enhancement and control},
  year    = {2018},
  issn    = {0017-9310},
  pages   = {498 - 507},
  volume  = {117},
  doi     = {https://doi.org/10.1016/j.ijheatmasstransfer.2017.10.027},
}

@Article{Cafiero2014fractal,
  author  = {G. Cafiero and S. Discetti and T. Astarita},
  journal = {International Journal of Heat and Mass Transfer},
  title   = {Heat transfer enhancement of impinging jets with fractal-generated turbulence},
  year    = {2014},
  issn    = {0017-9310},
  pages   = {173 - 183},
  volume  = {75},
  doi     = {https://doi.org/10.1016/j.ijheatmasstransfer.2014.03.049},
}

@Article{sanmiguelvila2016hconv,
  author  = {C. {Sanmiguel Vila} and S. Discetti and G. M. Carlomagno and T. Astarita and A. Ianiro},
  journal = {International Journal of Thermal Sciences},
  title   = {On the onset of horizontal convection},
  year    = {2016},
  issn    = {1290-0729},
  pages   = {96 - 108},
  volume  = {110},
  doi     = {https://doi.org/10.1016/j.ijthermalsci.2016.06.019},
}

@Article{orlu2010wallpos,
  author  = {R. {\"O}rl{\"u} and Jens H.M. Fransson and P. H. Alfredsson},
  journal = {Progress in Aerospace Sciences},
  title   = {On near wall measurements of wall bounded flows—The necessity of an accurate determination of the wall position},
  year    = {2010},
  issn    = {0376-0421},
  number  = {8},
  pages   = {353 - 387},
  volume  = {46},
  doi     = {https://doi.org/10.1016/j.paerosci.2010.04.002},
}

@Article{rodriguez2015skinfric,
  author  = {Rodr{\'i}guez-L{\'o}pez, E. and Bruce, P. J. K. and Buxton, O. R. H.},
  journal = {Experiments in Fluids},
  title   = {A robust post-processing method to determine skin friction in turbulent boundary layers from the velocity profile},
  year    = {2015},
  month   = {Mar},
  number  = {4},
  pages   = {68},
  volume  = {56},
  day     = {17},
  doi     = {10.1007/s00348-015-1935-5},
}

@Article{vinuesa2016nagib,
  author  = {R. Vinuesa and H. M. Nagib},
  journal = {European Journal of Mechanics - B/Fluids},
  title   = {Enhancing the accuracy of measurement techniques in high Reynolds number turbulent boundary layers for more representative comparison to their canonical representations},
  year    = {2016},
  issn    = {0997-7546},
  pages   = {300 - 312},
  volume  = {55},
  doi     = {https://doi.org/10.1016/j.euromechflu.2015.09.004},
}

@Article{chauhan2009,
  author    = {K. A. Chauhan and Peter A. Monkewitz and H. M. Nagib},
  journal   = {Fluid Dynamics Research},
  title     = {Criteria for assessing experiments in zero pressure gradient boundary layers},
  year      = {2009},
  month     = {mar},
  number    = {2},
  pages     = {021404},
  volume    = {41},
  doi       = {10.1088/0169-5983/41/2/021404},
  publisher = {{IOP} Publishing},
}

@Article{vinuesa2016gradTBL,
  author    = {Vinuesa, R. and Bobke, A. and {\"O}rl{\"u}, R. and Schlatter, P.},
  journal   = {Physics of Fluids},
  title     = {On determining characteristic length scales in pressure-gradient turbulent boundary layers},
  year      = {2016},
  number    = {5},
  pages     = {055101},
  volume    = {28},
  doi       = {10.1063/1.4947532},
  publisher = {{AIP} Publishing {LLC}},
}

@Article{alfredsson2011diagnostic,
  author  = {Alfredsson, P. H. and Segalini, A. and {\"O}rl{\"u},R.},
  journal = {Physics of Fluids},
  title   = {A new scaling for the streamwise turbulence intensity in wall-bounded turbulent flows and what it tells us about the “outer” peak},
  year    = {2011},
  number  = {4},
  pages   = {041702},
  volume  = {23},
  doi     = {10.1063/1.3581074},
}

@Article{clauser1954apg,
  author  = {Clauser, F. H.},
  journal = {Journal of the Aeronautical Sciences},
  title   = {Turbulent Boundary Layers in Adverse Pressure Gradients},
  year    = {1954},
  number  = {2},
  pages   = {91-108},
  volume  = {21},
  doi     = {10.2514/8.2938},
}

@Book{minkina2009infrared,
  author    = {Minkina, W. and Dudzik, S.},
  publisher = {John Wiley \& Sons},
  title     = {Infrared thermography: errors and uncertainties},
  year      = {2009},
  isbn      = {978-0-470-68224-1},
}

@Article{torre2018HTF,
  author  = {A.F.M. Torre and A. Ianiro and S. Discetti and G. M. Carlomagno},
  journal = {International Journal of Heat and Mass Transfer},
  title   = {Evaluation of anisotropic tangential conduction in printed-circuit-board heated-thin-foil heat flux sensors},
  year    = {2018},
  issn    = {0017-9310},
  pages   = {1138 - 1146},
  volume  = {127},
  doi     = {https://doi.org/10.1016/j.ijheatmasstransfer.2018.06.106},
}

@Book{bergman2011fundamentals,
  author    = {Bergman, T. L. and Incropera, F. P. and DeWitt, D. P. and Lavine, A. S.},
  publisher = {John Wiley \& Sons},
  title     = {Fundamentals of heat and mass transfer},
  year      = {2011},
  isbn      = {9780470501979},
  lccn      = {2011293962},
}

@Article{guemes2019APG,
  author  = {A. G{\"u}emes and C. {Sanmiguel Vila} and R. {\"O}rl{\"u} and R. Vinuesa and P. Schlatter and A. Ianiro and S. Discetti},
  journal = {Experimental Thermal and Fluid Science},
  title   = {Flow organization in the wake of a rib in a turbulent boundary layer with pressure gradient},
  year    = {2019},
  issn    = {0894-1777},
  pages   = {115 - 124},
  volume  = {108},
  doi     = {https://doi.org/10.1016/j.expthermflusci.2019.05.022},
}

@Article{soria1996piv,
  author  = {J. Soria},
  journal = {Experimental Thermal and Fluid Science},
  title   = {An investigation of the near wake of a circular cylinder using a video-based digital cross-correlation particle image velocimetry technique},
  year    = {1996},
  issn    = {0894-1777},
  number  = {2},
  pages   = {221 - 233},
  volume  = {12},
  doi     = {https://doi.org/10.1016/0894-1777(95)00086-0},
}

@Article{Willert1991digitalpiv,
  author   = {Willert, C. E. and Gharib, M.},
  journal  = {Experiments in Fluids},
  title    = {Digital particle image velocimetry},
  year     = {1991},
  issn     = {1432-1114},
  month    = {Jan},
  number   = {4},
  pages    = {181-193},
  volume   = {10},
  day      = {01},
  doi      = {10.1007/BF00190388},
}

@Article{Westerweel1997piv,
  author    = {J. Westerweel},
  journal   = {Measurement Science and Technology},
  title     = {Fundamentals of digital particle image velocimetry},
  year      = {1997},
  month     = {dec},
  number    = {12},
  pages     = {1379--1392},
  volume    = {8},
  doi       = {10.1088/0957-0233/8/12/002},
  publisher = {{IOP} Publishing},
}

@Article{Kotsonis2015review,
  author    = {M. Kotsonis},
  journal   = {Measurement Science and Technology},
  title     = {Diagnostics for characterisation of plasma actuators},
  year      = {2015},
  month     = {aug},
  number    = {9},
  pages     = {092001},
  volume    = {26},
  doi       = {10.1088/0957-0233/26/9/092001},
  publisher = {{IOP} Publishing},
}

@Article{Cotel1996stationary,
  author   = {Cotel, A. J. and Breidenthal, R. E.},
  journal  = {Applied Scientific Research},
  title    = {A model of stratified entrainment using vortex persistence},
  year     = {1996},
  issn     = {1573-1987},
  month    = {Sep},
  number   = {3},
  pages    = {349-366},
  volume   = {57},
  day      = {01},
  doi      = {10.1007/BF02506069},
}

@Article{Li2019RSrecovery,
  author    = {Li, M. and de Silva, C. M. and Rouhi, A. and Baidya, R. and Chung, D. and Marusic, I. and Hutchins, N.},
  journal   = {Journal of Fluid Mechanics},
  title     = {Recovery of wall-shear stress to equilibrium flow conditions after a rough-to-smooth step change in turbulent boundary layers},
  year      = {2019},
  pages     = {472–491},
  volume    = {872},
  doi       = {10.1017/jfm.2019.351},
  publisher = {Cambridge University Press},
}

@Article{Garratt1990IBL,
  author   = {Garratt, J. R.},
  journal  = {Boundary-Layer Meteorology},
  title    = {The internal boundary layer --- A review},
  year     = {1990},
  issn     = {1573-1472},
  month    = {Mar},
  number   = {1},
  pages    = {171-203},
  volume   = {50},
  day      = {01},
  doi      = {10.1007/BF00120524},
}

@Article{Savelyev2005IBL,
  author   = {Savelyev, S. A. and Taylor, P. A.},
  journal  = {Boundary-Layer Meteorology},
  title    = {Internal Boundary Layers: I. Height Formulae for Neutral and Diabatic Flows},
  year     = {2005},
  issn     = {1573-1472},
  month    = {Apr},
  number   = {1},
  pages    = {1-25},
  volume   = {115},
  day      = {01},
  doi      = {10.1007/s10546-004-2122-z},
}

@Article{Efros2011srTBL,
  author   = {Efros, V. and Krogstad, P.},
  journal  = {Experiments in Fluids},
  title    = {Development of a turbulent boundary layer after a step from smooth to rough surface},
  year     = {2011},
  issn     = {1432-1114},
  month    = {Dec},
  number   = {6},
  pages    = {1563-1575},
  volume   = {51},
  day      = {01},
  doi      = {10.1007/s00348-011-1167-2},
}

@Article{Sutherland1893law,
  author    = {W. Sutherland},
  journal   = {The London, Edinburgh, and Dublin Philosophical Magazine and Journal of Science},
  title     = {LII. The viscosity of gases and molecular force},
  year      = {1893},
  number    = {223},
  pages     = {507-531},
  volume    = {36},
  doi       = {10.1080/14786449308620508},
  publisher = {Taylor & Francis},
}

@Article{Marusic2010wbt,
  author  = {Marusic, I. and McKeon, B. J. and Monkewitz, P. A and Nagib, H. M. and Smits, A. J. and Sreenivasan, K. R.},
  journal = {Physics of Fluids},
  title   = {Wall-bounded turbulent flows at high {R}eynolds numbers: {R}ecent advances and key issues},
  year    = {2010},
  number  = {6},
  pages   = {065103},
  volume  = {22},
  doi     = {10.1063/1.3453711},
}

@Book{pope2000,
  author    = {Pope, S. B.},
  publisher = {Cambridge University Press},
  title     = {Turbulent Flows},
  year      = {2000},
  doi       = {10.1017/CBO9780511840531},
  place     = {Cambridge},
}

@Article{harun2013pressure,
  author    = {Harun, Z. and Monty, J. P. and Mathis, R. and Marusic, I.},
  journal   = {Journal of Fluid Mechanics},
  title     = {Pressure gradient effects on the large-scale structure of turbulent boundary layers},
  year      = {2013},
  pages     = {477–498},
  volume    = {715},
  doi       = {10.1017/jfm.2012.531},
  publisher = {Cambridge University Press},
}

@Article{bradshaw1967,
  author    = {Bradshaw, P.},
  journal   = {Journal of Fluid Mechanics},
  title     = {The turbulence structure of equilibrium boundary layers},
  year      = {1967},
  number    = {4},
  pages     = {625–645},
  volume    = {29},
  doi       = {10.1017/S0022112067001089},
  publisher = {Cambridge University Press},
}

@Article{Whalley2010DBDvortex,
  author  = {Whalley, R. D. and Choi, K. S.},
  journal = {Physics of Fluids},
  title   = {Starting, traveling, and colliding vortices: {D}ielectric-{B}arrier-{D}ischarge plasma in quiescent air},
  year    = {2010},
  number  = {9},
  pages   = {091105},
  volume  = {22},
  doi     = {10.1063/1.3481439},
}

@Article{Whalley2012startingV,
  author    = {Whalley, R. D. and Choi, K. S.},
  journal   = {Journal of Fluid Mechanics},
  title     = {The starting vortex in quiescent air induced by dielectric-barrier-discharge plasma},
  year      = {2012},
  pages     = {192–203},
  volume    = {703},
  doi       = {10.1017/jfm.2012.206},
  publisher = {Cambridge University Press},
}

@Article{Jeong1995vortex,
  author    = {Jeong, J. and Hussain, F.},
  journal   = {Journal of Fluid Mechanics},
  title     = {On the identification of a vortex},
  year      = {1995},
  pages     = {69–94},
  volume    = {285},
  doi       = {10.1017/S0022112095000462},
  publisher = {Cambridge University Press},
}

@Article{Du2000,
  author    = {Du, Y. and Karniadakis, G E.},
  journal   = {Science},
  title     = {Suppressing Wall Turbulence by Means of a Transverse Traveling Wave},
  year      = {2000},
  issn      = {0036-8075},
  number    = {5469},
  pages     = {1230--1234},
  volume    = {288},
  doi       = {10.1126/science.288.5469.1230},
  publisher = {American Association for the Advancement of Science},
}

@Article{Du2002,
  author    = {Du, Y. and Symeonidis, V. and Karniadakis, G. E.},
  journal   = {Journal of Fluid Mechanics},
  title     = {Drag reduction in wall-bounded turbulence via a transverse travelling wave},
  year      = {2002},
  pages     = {1–34},
  volume    = {457},
  doi       = {10.1017/S0022112001007613},
  publisher = {Cambridge University Press},
}

@Article{Whalley2014,
  author   = {Whalley, R. D. and Choi, K. S.},
  journal  = {Experiments in Fluids},
  title    = {Turbulent boundary-layer control with plasma spanwise travelling waves},
  year     = {2014},
  issn     = {1432-1114},
  month    = {Aug},
  number   = {8},
  pages    = {1796},
  volume   = {55},
  day      = {02},
  doi      = {10.1007/s00348-014-1796-3},
}

@Article{MerinoMartinez2020,
  author  = {Merino-Mart\'{i}nez, R. and Rubio Carpio, A. and T\'{e}rcio, L. and Pereira, L. and van Herk, S. and Avallone, F. and Ragni, M. and Kotsonis, M.},
  journal = {Applied Acoustics},
  title   = {Aeroacoustic design and characterization of the {3D}-printed, open-jet, anechoic wind tunnel of {D}elft {U}niversity of {T}echnology},
  year    = {2020},
  pages   = {107504},
  volume  = {170},
  issn    = {0003-682X},
  doi     = {https://doi.org/10.1016/j.apacoust.2020.107504},
}

@article{Wicks2015,
    author  =   {Wicks, M. and Thomas, F. O. and Corke, T. C. and Patel, M. and Cain, A. B.},
    title = {Mechanism of Vorticity Generation in Plasma Streamwise Vortex Generators},
    journal = {AIAA Journal},
    volume = {53},
    number = {11},
    pages = {3404--3413},
    year = {2015},
    doi = {10.2514/1.J053997},
}

@article{Kim2002,
    author  =   {Kim, K. and Sung, H. and Chung, M.},
    title   =   {Assessment of local blowing and suction in a turbulent boundary layer},
    year    =   {2002},
    journal =   {AIAA Journal},
    volume  =   {40},
    pages   =   {175-177},
    number  =   {1},
    doi     =   { 10.2514/2.1629},
}

@article{Park1999,
    author  =   {Park, J. and Choi, H.},
    title   =   {Effects of uniform blowing or suction from a spanwise slot on a turbulent boundary layer flow},
    journal =   {Physics of Fluids},
    volume  =   {11},
    number  =   {10},
    year    =   {1999},
    pages   =   {3095--3105},
    doi     =   {10.1063/1.870167},
}

@article{Iwamoto2002,
    author  = {Iwamoto, K. and Suzuki, Y. and Kasagi, N.},
    title   = {Reynolds number effect on wall turbulence: toward effective feedback control},
    year    = {2002},
    journal = {International Journal of Heat and Fluid Flow},
    volume  = {23},
    issue   = {5},
    pages   = {678--689}
}

@article{Adrian2000,
    author  = {Adrian, R.J. and Meinhart, C.D. and Tomkins, C.D.},
    title   = {Vortex organization in the outer region of the turbulent boundary layer},
    year    = {2000},
    volume  = {422},
    pages   = {1--54},
    journal = {Journal of Fluid Mecanics},
    doi     = {10.1017/S0022112000001580},
    publisher={Cambridge University Press},
}

@article{Jimenez1999,
    author  = {Jim\'{e}nez, J. and Pinelli, A.},
    title   = {The autonomous cycle of near-wall turbulence},
    year    = {1999},
    journal = {Journal of Fluid Mechanics},
    volume  = {389},
    pages   = {335–-359},
    doi     = {10.1017/S0022112099005066},
    publisher={Cambridge University Press},
}

@article{Fukagata2002,
    author  = {Fukagata, K. and Iwamoto, K. and Kasagi, N.},
    title   = {Contribution of Reynolds stress distribution to the skin friction in wall-bounded flows},
    year    = {2002},
    journal = {Physics of Fluids},
    number  = {11},
    volume  = {14},
    pages   = {73--76},
    doi = {10.1063/1.1516779},
}

@article{Stroh2016,
    author  = {Stroh, A. and Hasegawa, Y. and Schlatter, P. and Frohnapfel, B.},
    title   = {Global effect of local skin friction drag reduction in spatially developing boundary layer},
    year    = {2016},
    journal = {Journal of Fluid Mechanics},
    volume  = {805},
    pages   = {303--321},
    doi     ={10.1017/jfm.2016.545},
    publisher={Cambridge University Press},
}

@article{Stroh2015,
    author  = {Stroh, A. and Frohnapfel, B. and Schlatter, P. and Hasegawa, Y.},
    title   = {A comparison of opposition control in turbulent boundary layer and turbulent channel flow},
    year    = {2015},
    journal = {Physics of Fluids},
    volume  = {27},
    issue   = {7},
    pages   = {075101},
    doi = {10.1063/1.4923234},
}

@article{Choi1994,
    author  = {Choi, H. and Moin, P. and Kim, J.},
    title   = {Active turbulence control for drag reduction in wall-bounded flows},
    year    = {1994},
    journal = {Journal of Fluid Mechanics},
    volume  = {262},
    pages   = {75-110},
    DOI={10.1017/S0022112094000431},
    publisher={Cambridge University Press}
}

@article{Frohnapfel2010,
    author  = {Frohnapfel, B. and Hasegawam Y. and Kasagi, N.},
    title   = {Friction drag reduction through damping of the near-wall spanwise fluctuation},
    year    = {2010},
    journal = {Internationak Journal of Heat and Fluid Flow},
    volume  = {31},
    number  = {3},
    pages   = {434--441},
}

@article{Iwamoto2005,
    author  = {Iwamoto, K. and Fukagata, K. and Kasagi, N. and Suzuki, Y.},
    title   = {Friction drag reduction achievable by near-wall turbulence manipulation at high {Reynolds} numbers},
    year    = {2005},
    journal = {Physics of Fluids},
    volume  = {17},
    number  = {1},
    pages   = {011702},
    doi = {10.1063/1.1827276},
}

@article{Hirokawa2020,
    author  = {Hirokawa, S. and Ohashi, M. and Eto, K. and Fukagata, K. and Tokugawa, N.},
    title   = {Turbulent friction drag reduction on {Clark-Y} airfoil by passive uniform blowing},
    year    = {2020},
    volume  = {58},
    number  = {9},
    journal = {AIAA Journal},
    pages   = {4178--4180},
}

@article{Kametani2015,
    author  = {Kametani, Y. and Fukagata, K. and \"{O}rl\"{u}, R. and Schlatter, P.},
    title   = {Effect of uniform blowing/suction in a turbulent boundary layer at moderate {Reynolds} number},
    year    = {2015},
    volume  = {55},
    pages   = {132--142},
    journal = {International Journal of Heat and Fluid Flow},
}

@article{Quadrio2011,
    author  = {Quadrio, M.},
    year    = {2011},
    title   = {Drag reduction in turbulent boundary layers by in-plane wall motion},
    volume  = {369},
    journal = {Philosophical Transactions of the Royal Society A},
    pages   = {1428--1442},
}

@article{Yudhistira2011,
    author  = {Yudhistira, I. and Skote, M.},
    year    = {2011},
    title   = {Direct numerical simulation of a turbulent boundary layer over an oscillating wall},
    volume  = {12},
    number  = {9},
    journal = {Journal of Turbulence},
    pages   = {1--17},
    publisher = {Taylor & Francis},
    doi = {10.1080/14685248.2010.538397},
}

@article{Lardeau2013,
    author  = {Lardeau, S. and Leschziner, M.},
    year    = {2013},
    title   = {The streamwise drag-reduction response of a boundary layer subjected to a sudden imposition of transverse oscillatory wall motion},
    volume  = {25},
    number  = {7},
    journal = {Physics of Fluids},
    pages   = {075109},
    doi = {10.1063/1.4816290},
}

@article{Corke2010review,
    author = {Corke, T. C. and Enloe, C. L. and Wilkinson, S. P.},
    title = {Dielectric Barrier Discharge Plasma Actuators for Flow Control},
    journal = {Annual Review of Fluid Mechanics},
    volume = {42},
    number = {1},
    pages = {505-529},
    year = {2010},
    doi = {10.1146/annurev-fluid-121108-145550},
}

@article{Spalart2011,
    title = {Drag reduction: enticing turbulence, and then an industry},
    author = {Spalart, P. and McLean, J.},
    year = {2011},
    journal = {Philosophical Transactions of the Royal Society A},
    volume = {369},
    number = {1940},
    pages = {1556--1569},
    doi = {10.1098/rsta.2010.0369},
}

@Article{Jukes2012,
  author    = {Jukes, T.N. and Choi, K.S.},
  journal   = {Experiments in fluids},
  title     = {Dielectric-{B}arrier-{D}ischarge {V}ortex {G}enerators: characterisation and optimisation for flow separation control},
  year      = {2012},
  number    = {2},
  pages     = {329--345},
  volume    = {52},
  publisher = {Springer},
  doi       = {10.1007/s00348-011-1213-0},
}

@TechReport{Sandborn1981,
  author      = {Sandborn, V. A.},
  institution = {Colorado State University for Collins Department of Civil Engineering},
  title       = {Aerodynamics-Control of Surface Shear Stress of Fluctuations in Turbulent Boundary Layers},
  year        = {1981},
}

@Article{corke2009sdbd,
  author    = {Corke, T. C. and Post, M. L and Orlov, D. M.},
  journal   = {Experiments in Fluids},
  title     = {Single dielectric barrier discharge plasma enhanced aerodynamics: physics, modeling and applications},
  year      = {2009},
  number    = {1},
  pages     = {1--26},
  volume    = {46},
  publisher = {Springer},
  DOI       = {https://doi.org/10.1007/s00348-008-0582-5},
}

@Article{mertz2011sdbd,
  author    = {Mertz, B. E. and Corke, T. C.},
  journal   = {Journal of Fluid Mechanics},
  title     = {Single-dielectric barrier discharge plasma actuator: modelling and validation},
  year      = {2011},
  pages     = {557},
  volume    = {669},
  publisher = {Cambridge University Press},
}

@Article{jukes2013nacaVG,
  author  = {Jukes, T.N. and Segawa, T. and Furutani, H.},
  journal = {AIAA Journal},
  title   = {Flow {C}ontrol on a {NACA} 4418 {U}sing {D}ielectric-{B}arrier-{D}ischarge {V}ortex {G}enerators},
  year    = {2013},
  number  = {2},
  pages   = {452-464},
  volume  = {51},
  doi     = {10.2514/1.J051852},
}

@Article{thomas2009dbdopt,
  author  = {Thomas, F. O. and Corke, T. C. and Iqbal, M. and Kozlov, A. and Schatzman, D.},
  journal = {AIAA Journal},
  title   = {Optimization of {D}ielectric {B}arrier {D}ischarge {P}lasma {A}ctuators for {A}ctive {A}erodynamic {F}low {C}ontrol},
  year    = {2009},
  number  = {9},
  pages   = {2169-2178},
  volume  = {47},
  doi     = {10.2514/1.41588},
}

@Article{Moreau2007review,
  author    = {E. Moreau},
  journal   = {Journal of Physics D: Applied Physics},
  title     = {Airflow control by non-thermal plasma actuators},
  year      = {2007},
  month     = {jan},
  number    = {3},
  pages     = {605--636},
  volume    = {40},
  doi       = {10.1088/0022-3727/40/3/s01},
  publisher = {{IOP} Publishing},
}

@Article{Lin2002reviewVG,
  author  = {Lin, J. C.},
  journal = {Progress in {A}erospace {S}ciences},
  title   = {Review of research on low-profile vortex generators to control boundary-layer separation},
  year    = {2002},
  issn    = {0376-0421},
  number  = {4},
  pages   = {389-420},
  volume  = {38},
  doi     = {https://doi.org/10.1016/S0376-0421(02)00010-6},
}

@article{Castellanos2021PIVuncertainty,
	doi = {10.1088/1361-6501/abfad0},
	year = 2021,
	month = {may},
	publisher = {{IOP} Publishing},
	volume = {32},
	number = {8},
	pages = {084006},
    author={Castellanos, R. and {Sanmiguel Vila}, C. and G\"uemes, A. and Discetti, S.},
	title = {On the uncertainty of boundary-layer parameters from Ensemble {PTV} data},
	journal = {Measurement Science and Technology},
}

@article{Amitay2001Cmu,
author = {Amitay, M. and Smith, D. R. and Kibens, V. and Parekh, D. E. and Glezer, A.},
title = {Aerodynamic Flow Control over an Unconventional Airfoil Using Synthetic Jet Actuators},
journal = {AIAA Journal},
volume = {39},
number = {3},
pages = {361-370},
year = {2001},
doi = {10.2514/2.1323},
}

@article{kotsonis2015control,
  title={Control of Natural Tollmien-Schlichting Waves using Dielectric Barrier Discharge Plasma Actuators.},
  author={Kotsonis, M. and Shukla, R. K. and Pr{\"o}bsting, S.},
  journal={International Journal of Flow Control},
  volume={7},
  month = {06},
  pages = {37-54},
  year={2015},
  doi = {10.1260/1756-8250.7.1-2.37},
}

@article{Pereira2014external,
    author = {Pereira, R. and Ragni, D. and Kotsonis, M.},
    title = {Effect of external flow velocity on momentum transfer of dielectric barrier discharge plasma actuators},
    journal = {Journal of Applied Physics},
    volume = {116},
    number = {10},
    pages = {103301},
    year = {2014},
    doi = {10.1063/1.4894518},
}

@article{jacobi1995,
    title = {Heat transfer surface enhancement through the use of longitudinal vortices: A review of recent progress},
    journal = {Experimental Thermal and Fluid Science},
    volume = {11},
    number = {3},
    pages = {295-309},
    year = {1995},
    issn = {0894-1777},
    doi = {https://doi.org/10.1016/0894-1777(95)00066-U},
    author = {Jacobi, A. M. and Shah, R. K.},
}

@article{nakamura2001cube,
    title = {Local heat transfer around a wall-mounted cube in the turbulent boundary layer},
    journal = {International Journal of Heat and Mass Transfer},
    volume = {44},
    number = {18},
    pages = {3385-3395},
    year = {2001},
    issn = {0017-9310},
    doi = {https://doi.org/10.1016/S0017-9310(01)00009-6},
    author = {H. Nakamura and T. Igarashi and T. Tsutsui},
}

@article{Chyu19963delement,
    title = {Heat transfer on the base surface of threedimensional protruding elements},
    journal = {International Journal of Heat and Mass Transfer},
    volume = {39},
    number = {14},
    pages = {2925-2935},
    year = {1996},
    issn = {0017-9310},
    doi = {https://doi.org/10.1016/0017-9310(95)00381-9},
    author = {M.K. Chyu and V. Natarajan},
}

@article{ghaddar1986numerical,
  title={Numerical investigation of incompressible flow in grooved channels. Part 2. Resonance and oscillatory heat-transfer enhancement},
  author={Ghaddar, N. K. and Magen, M. and Mikic, B. B. and Patera, A. T.},
  journal={Journal of Fluid Mechanics},
  volume={168},
  pages={541--567},
  year={1986},
  publisher={Cambridge University Press}
}

@article{arshad2020syntheticjet,
    title = {Synthetic jet actuators for heat transfer enhancement – A critical review},
    journal = {International Journal of Heat and Mass Transfer},
    volume = {146},
    pages = {118815},
    year = {2020},
    issn = {0017-9310},
    doi = {https://doi.org/10.1016/j.ijheatmasstransfer.2019.118815},
    author = {A. Arshad and M. Jabbal and Y. Yan},
}

@article{zhang1993cfjet,
    author = {Zhang, X. and Collins, M. W.},
    title = {Flow and heat transfer in a turbulent boundary layer through skewed and pitched jets},
    journal = {AIAA Journal},
    volume = {31},
    number = {9},
    pages = {1590-1599},
    year = {1993},
    doi = {10.2514/3.11819},
}

@article{Hwang1995roughness,
    author = {Hwang, J. J. and Liou, T. M.},
    title = {Heat Transfer and Friction in a Low-Aspect-Ratio Rectangular Channel With Staggered Perforated Ribs on Two Opposite Walls},
    journal = {Journal of Heat Transfer},
    volume = {117},
    number = {4},
    pages = {843-850},
    year = {1995},
    month = {11},
    issn = {0022-1481},
    doi = {10.1115/1.2836300},
}

@article{Zhaoqing2019VG,
title = {Vortex dynamics and heat transfer of longitudinal vortex generators in a rectangular channel},
journal = {International Journal of Heat and Mass Transfer},
volume = {132},
pages = {871-885},
year = {2019},
issn = {0017-9310},
doi = {https://doi.org/10.1016/j.ijheatmasstransfer.2018.12.064},
author = {Z. Ke and C. L. Chen and K. Li and S. Wang and C. H. Chen},
}

@article{Gentry1997VG,
    title = {Heat transfer enhancement by delta-wing vortex generators on a flat plate: Vortex interactions with the boundary layer},
    journal = {Experimental Thermal and Fluid Science},
    volume = {14},
    number = {3},
    pages = {231-242},
    year = {1997},
    issn = {0894-1777},
    doi = {https://doi.org/10.1016/S0894-1777(96)00067-2},
    author = {M. C. Gentry and A. M. Jacobi},
}

@article{Hechuan2018ratchet,
  title = {Controlling Heat Transport and Flow Structures in Thermal Turbulence Using Ratchet Surfaces},
  author = {Jiang, H. and Zhu, X. and Mathai, V. and Verzicco, R. and Lohse, D. and Sun, C.},
  journal = {Phys. Rev. Lett.},
  volume = {120},
  issue = {4},
  pages = {044501},
  numpages = {5},
  year = {2018},
  month = {Jan},
  publisher = {American Physical Society},
  doi = {10.1103/PhysRevLett.120.044501},
}

@article{wei2014heat,
  title={Heat transport properties of plates with smooth and rough surfaces in turbulent thermal convection},
  author={Wei, P. and Chan, T.S. and Ni, R. and Zhao, X.Z. and Xia, K.Q.},
  journal={Journal of fluid mechanics},
  volume={740},
  pages={28},
  year={2014},
  publisher={Cambridge University Press}
}

@Article{Shishkina2011Rayleight,
    author={Shishkina, O. and Wagner, Claus},
    title={Modelling the influence of wall roughness on heat transfer in thermal convection},
    journal={Journal of Fluid Mechanics},
    year={2011},
    month={Nov},
    day={10},
    publisher={Cambridge University Press},
    address={Cambridge},
    volume={686},
    pages={568-582},
    issn={00221120},
}

@article{webb2005enhanced,
  title={Principles of Enhanced heat transfer},
  author={Webb, R.L. and Kim, N.Y.},
  journal={Taylor and Francis, NY},
  year={2005},
}

@article{garimella2012thermal,
  title={Thermal management challenges in telecommunication systems and data centers},
  author={Garimella, S. V. and Yeh, L.T. and Persoons, T.},
  journal={IEEE Transactions on Components, Packaging and Manufacturing Technology},
  volume={2},
  number={8},
  pages={1307--1316},
  year={2012},
  publisher={IEEE}
}

@book{han2012gas,
  title={Gas turbine heat transfer and cooling technology},
  author={Han, J.C. and Dutta, S. and Ekkad, S.},
  year={2012},
  publisher={CRC press}
}

@article{wang2013recent,
  title={Recent developments in DBD plasma flow control},
  author={Wang, J.J and Choi, K.S. and Feng, L.H. and Jukes, T.N. and Whalley, R.D.},
  journal={Progress in Aerospace Sciences},
  volume={62},
  pages={52--78},
  year={2013},
  publisher={Elsevier},
  issn = {0376-0421},
  doi = {https://doi.org/10.1016/j.paerosci.2013.05.003},
}

@article{Balle2002persistence,
    author = {G. J. Balle and R. E. Breidenthal},
    title = {Stationary vortices and persistent turbulence in Karman grooves},
    journal = {Journal of Turbulence},
    volume = {3},
    number = {},
    pages = {N33},
    year  = {2002},
    publisher = {Taylor & Francis},
    doi = {10.1088/1468-5248/3/1/033},
}

@article{Breidenthal1994persistence,
    author = {Breidenthal, R. E.},
    title = "{Entrainment and Mixing in Stratified Flows}",
    journal = {Applied Mechanics Reviews},
    volume = {47},
    number = {6S},
    pages = {S108-S112},
    year = {1994},
    month = {06},
    issn = {0003-6900},
    doi = {10.1115/1.3124383},
}

@inproceedings{Weber2021VGair,
    author = {L. Weber and G. Nino and B. Han and R. Breidenthal},
    title = {Manipulation of Streamwise Vortices by Air Injection on Vortex Generators},
    booktitle = {AIAA Scitech 2021 Forum},
    chapter = {},
    pages = {},
    year={2021},
    doi = {10.2514/6.2021-1193},
}

@inproceedings{Wittig2019VGplasma,
    author = {T. Wittig and G. Nino and R. Breidenthal},
    title = {Study on the Effectiveness of Plasma Induced Flow in Manipulating a Near-Wall Vortex},
    booktitle = {AIAA Scitech 2019 Forum},
    chapter = {},
    pages = {},
    year={2019},
    doi = {10.2514/6.2019-0049},
}

@Article{Benard2014review,
    author={Benard, N.
    and Moreau, Eric},
    title={Electrical and mechanical characteristics of surface AC dielectric barrier discharge plasma actuators applied to airflow control},
    journal={Experiments in Fluids},
    year={2014},
    month={Nov},
    day={05},
    volume={55},
    number={11},
    pages={1846},
    issn={1432-1114},
    doi={10.1007/s00348-014-1846-x},
}

@article{Crow1970vortex,
    author = {Crow, S. C.},
    title = {Stability theory for a pair of trailing vortices},
    journal = {AIAA Journal},
    volume = {8},
    number = {12},
    pages = {2172-2179},
    year = {1970},
    doi = {10.2514/3.6083},
}

@article{widnall1974instability,
  title={The instability of short waves on a vortex ring},
  author={Widnall, S. E. and Bliss, D. B. and Tsai, C.Y.},
  journal={Journal of Fluid Mechanics},
  volume={66},
  number={1},
  pages={35--47},
  year={1974},
  publisher={Cambridge University Press},
  doi = {10.1017/S0022112074000048},
}

@inproceedings{jukes2006TBLcontrol,
    author = {T.N. Jukes and K.S. Choi and G.A. Johnson and S.J. Scott},
    title = {Turbulent Drag Reduction by Surface Plasma Through Spanwise Flow Oscillation},
    booktitle = {3rd AIAA Flow Control Conference},
    chapter = {},
    pages = {},
    year={2006},
    doi = {10.2514/6.2006-3693},
}

@article{choi2011,
    author = {Choi, K.S. and Jukes, T.N. and Whalley, R.D.},
    title = {Turbulent boundary-layer control with plasma actuators},
    journal = {Philosophical Transactions of the Royal Society A: Mathematical, Physical and Engineering Sciences},
    volume = {369},
    number = {1940},
    pages = {1443-1458},
    year = {2011},
    doi = {10.1098/rsta.2010.0362},
}

@article{Hehner2019,
    author = {Hehner, M.T.  and Gatti, D. and Kriegseis,J.},
    title = {Stokes-layer formation under absence of moving parts—A novel oscillatory plasma actuator design for turbulent drag reduction},
    journal = {Physics of Fluids},
    volume = {31},
    number = {5},
    pages = {051701},
    year = {2019},
    doi = {10.1063/1.5094388},
}

@article{Mahfoze2019,
    title = {Skin-friction drag reduction in a channel flow with streamwise-aligned plasma actuators},
    journal = {International Journal of Heat and Fluid Flow},
    volume = {66},
    pages = {83-94},
    year = {2017},
    issn = {0142-727X},
    doi = {https://doi.org/10.1016/j.ijheatfluidflow.2017.05.013},
    author = {O. Mahfoze and S. Laizet},
}

@article{Jukes2006,
    author = {Jukes, T.N. and Choi, K.S. and Johnson, G.A. and Scott, S.J.},
    title = {Characterization of Surface Plasma-Induced Wall Flows Through Velocity and Temperature Measurements},
    journal = {AIAA Journal},
    volume = {44},
    number = {4},
    pages = {764-771},
    year = {2006},
    doi = {10.2514/1.17321},
}

@article{Jayaraman2007,
    author = {Jayaraman, B. and Thakur, S. and Shyy, W.},
    title = "{Modeling of Fluid Dynamics and Heat Transfer Induced by Dielectric Barrier Plasma Actuator}",
    journal = {Journal of Heat Transfer},
    volume = {129},
    number = {4},
    pages = {517-525},
    year = {2007},
    month = {01},
    issn = {0022-1481},
    doi = {10.1115/1.2709659},
}

@article{Rodrigues2018,
    author = {Rodrigues, F.F. and Pascoa, J.C. and Trancossi, M.},
    title = "{Experimental Analysis of Dielectric Barrier Discharge Plasma Actuators Thermal Characteristics Under External Flow Influence}",
    journal = {Journal of Heat Transfer},
    volume = {140},
    number = {10},
    year = {2018},
    month = {05},
    issn = {0022-1481},
    doi = {10.1115/1.4040152},
}

@article{Rodrigues2018b,
    title = {{Heat generation mechanisms of DBD plasma actuators}},
    journal = {Experimental Thermal and Fluid Science},
    volume = {90},
    pages = {55-65},
    year = {2018},
    issn = {0894-1777},
    doi = {https://doi.org/10.1016/j.expthermflusci.2017.09.005},
    author = {Rodrigues, F.F. and Pascoa, J.C. and Trancossi, M.},
}

@article{serpieri2017, 
    title={Conditioning of cross-flow instability modes using dielectric barrier discharge plasma actuators}, volume={833}, 
    doi={10.1017/jfm.2017.707}, 
    journal={Journal of Fluid Mechanics}, 
    publisher={Cambridge University Press}, 
    author={Serpieri, J. and Yadala Venkata, S. and Kotsonis, M.}, 
    year={2017}, 
    pages={164–205}
}

@article{cheng_wong_hussain_schroder_zhou_2021, 
    title={Flat plate drag reduction using plasma-generated streamwise vortices}, 
    volume={918}, DOI={10.1017/jfm.2021.311}, 
    journal={Journal of Fluid Mechanics}, 
    publisher={Cambridge University Press}, 
    author={Cheng, X.Q. and Wong, C.W. and Hussain, F. and Schröder, W. and Zhou, Y.}, 
    year={2021}, 
    pages={A24}
}

@article{Logdberg2009,
    author={L{\"o}gdberg, O. and Fransson, J. H. M. and Alfredsson, P. H.},
    title={Streamwise evolution of longitudinal vortices in a turbulent boundary layer},
    journal={Journal of Fluid Mechanics},
    year={2009},
    month={Mar},
    day={25},
    publisher={Cambridge University Press},
    address={Cambridge},
    volume={623},
    pages={27-58},
    issn={00221120},
    doi={10.1017/S0022112008004825},
}

@article{Schoppa1998,
    author = {Schoppa, W. and Hussain, F.},
    title = {A large-scale control strategy for drag reduction in turbulent boundary layers},
    journal = {Physics of Fluids},
    volume = {10},
    number = {5},
    pages = {1049-1051},
    year = {1998},
    doi = {10.1063/1.869789},
}

@Article{Enloe2004,
    author = {Enloe, C. L. and McLaughlin, T. E. and VanDyken, R. D. and Kachner, K. D. and Jumper, E. J. and Corke, T. C.},
    title = {Mechanisms and Responses of a Single Dielectric Barrier Plasma Actuator: Plasma Morphology},
    journal = {AIAA Journal},
    volume = {42},
    number = {3},
    pages = {589-594},
    year = {2004},
    doi = {10.2514/1.2305},
}

@Article{Mertz2011, 
    title={Single-dielectric barrier discharge plasma actuator modelling and validation}, 
    volume={669}, 
    DOI={10.1017/S0022112010005203}, 
    journal={Journal of Fluid Mechanics}, 
    publisher={Cambridge University Press}, 
    author={Mertz, B. E. and Corke, T. C.}, 
    year={2011}, 
    pages={557–583}
}

@inproceedings{Forte2006,
    author = {M. Forte and J. Jolibois and E. Moreau and G. Touchard and M. Cazalens},
    title = {Optimization of a Dielectric Barrier Discharge Actuator by Stattionary and Non-stationary Measurements of the Induced Flow Velocity - Application to Airflow Control},
    booktitle = {3rd AIAA Flow Control Conference},
    chapter = {},
    pages = {},
    doi = {10.2514/6.2006-2863},
}

@article{jimenez2010, 
    title={Turbulent boundary layers and channels at moderate {R}eynolds numbers}, 
    volume={657}, 
    DOI={10.1017/S0022112010001370}, 
    journal={Journal of Fluid Mechanics}, 
    publisher={Cambridge University Press}, 
    author={Jim\'enez, J. and Hoyas, S. and Simens, M. P. and Mizuno, Y.},
    year={2010},
    pages={335–360}
}

%% After Review
@article{Eibeck1987,
    author = {Eibeck, P. A. and Eaton, J. K.},
    title = {Heat Transfer Effects of a Longitudinal Vortex Embedded in a Turbulent Boundary Layer},
    journal = {Journal of Heat Transfer},
    volume = {109},
    number = {1},
    pages = {16-24},
    year = {1987},
    month = {02},
    issn = {0022-1481},
    doi = {10.1115/1.3248039},
}

@article{shabaka1985, 
    title={Longitudinal vortices imbedded in turbulent boundary layers. Part 1. Single vortex}, 
    volume={155}, 
    DOI={10.1017/S0022112085001707}, 
    journal={Journal of Fluid Mechanics}, 
    publisher={Cambridge University Press}, 
    author={Shabaka, I. M. M. A. and Mehta, R. D. and Bradshaw, P.}, 
    year={1985}, 
    pages={37–57}
}

@article{mehta1988, 
    title={Longitudinal vortices imbedded in turbulent boundary layers Part 2. Vortex pair with ‘common flow’ upwards}, 
    volume={188}, DOI={10.1017/S0022112088000837}, 
    journal={Journal of Fluid Mechanics}, 
    publisher={Cambridge University Press}, 
    author={Mehta, R. D. and Bradshaw, P.}, 
    year={1988}, 
    pages={529–546}
}

@article{Pauley1988,
    author = {Pauley, W. R. and Eaton, J. K.},
    title = {Experimental study of the development of longitudinal vortex pairs embedded in a turbulent boundary layer},
    journal = {AIAA Journal},
    volume = {26},
    number = {7},
    pages = {816-823},
    year = {1988},
    doi = {10.2514/3.9974},
}

@article{Pauley1994,
    author = {Pauley, W. R. and Eaton, J. K.},
    title = "{The Effect of Embedded Longitudinal Vortex Arrays on Turbulent Boundary Layer Heat Transfer}",
    journal = {Journal of Heat Transfer},
    volume = {116},
    number = {4},
    pages = {871-879},
    year = {1994},
    month = {11},
    issn = {0022-1481},
    doi = {10.1115/1.2911461},
}

@article{You2006,
    author = {You, D. and Wang, M. and Mittal, R. and Moin, P.},
    title = {Large-Eddy Simulations of Longitudinal Vortices Embedded in a Turbulent Boundary Layer},
    journal = {AIAA Journal},
    volume = {44},
    number = {12},
    pages = {3032-3039},
    year = {2006},
    doi = {10.2514/1.22043},
}

@article{hamilton1995,
    title={Regeneration mechanisms of near-wall turbulence structures}, 
    volume={287}, 
    DOI={10.1017/S0022112095000978}, 
    journal={Journal of Fluid Mechanics}, 
    publisher={Cambridge University Press}, 
    author={Hamilton, J. M. and Kim, J. and Waleffe, F.}, 
    year={1995}, 
    pages={317–348}
}

@article{schoppa2002, 
    title={Coherent structure generation in near-wall turbulence}, 
    volume={453}, 
    DOI={10.1017/S002211200100667X}, 
    journal={Journal of Fluid Mechanics}, 
    publisher={Cambridge University Press},
    author={Schoppa, W. and Hussain, F.}, 
    year={2002}, 
    pages={57–108}
}

@article{Butler1993,
    author = {Butler,K. M. and Farrell, B. F.},
    title = {Optimal perturbations and streak spacing in wall‐bounded turbulent shear flow},
    journal = {Physics of Fluids A: Fluid Dynamics},
    volume = {5},
    number = {3},
    pages = {774-777},
    year = {1993},
    doi = {10.1063/1.858663},
}

@article{iuso2002,
    title={Wall turbulence manipulation by large-scale streamwise vortices},
    volume={473}, 
    DOI={10.1017/S0022112002002574}, 
    journal={Journal of Fluid Mechanics}, 
    publisher={Cambridge University Press}, 
    author={Iuso, G. and Onorato, M. and Spazzini, P. G. and Di Cicca, G. M.}, 
    year={2002}, pages={23–58}
}

@article{yao2018,
    title={Drag control in wall-bounded turbulent flows via spanwise opposed wall-jet forcing}, 
    volume={852}, 
    DOI={10.1017/jfm.2018.553}, 
    journal={Journal of Fluid Mechanics}, 
    publisher={Cambridge University Press}, 
    author={Yao, J. and Chen, X. and Hussain, F.}, 
    year={2018}, 
    pages={678–709}
}

@article{yao2017,
  title = {Large-scale control strategy for drag reduction in turbulent channel flows},
  author = {Yao, J. and Chen, X. and Thomas, F. and Hussain, F.},
  journal = {Physical Review Fluids},
  volume = {2},
  issue = {6},
  pages = {062601},
  numpages = {7},
  year = {2017},
  month = {Jun},
  publisher = {American Physical Society},
  doi = {10.1103/PhysRevFluids.2.062601},
}

@Article{Canton2016,
    author={Canton, J. and {\"O}rl{\"u}, R. and Chin, C. and Hutchins, N. and Monty, J. and Schlatter, P.},
    title={On Large-Scale Friction Control in Turbulent Wall Flow in Low Reynolds Number Channels},
    journal={Flow, Turbulence and Combustion},
    year={2016},
    month={Oct},
    day={01},
    volume={97},
    number={3},
    pages={811-827},
    issn={1573-1987},
    doi={10.1007/s10494-016-9723-8},
}

@article{Zhang1993,
    author = {Zhang, X. and Collins, M. W.},
    title = {Flow and heat transfer in a turbulent boundary layer through skewed and pitched jets},
    journal = {AIAA Journal},
    volume = {31},
    number = {9},
    pages = {1590-1599},
    year = {1993},
    doi = {10.2514/3.11819},
}

@article{Corke2018,
    author = {Corke, T. C. and Thomas, F. O.},
    title = {Active and Passive Turbulent Boundary-Layer Drag Reduction},
    journal = {AIAA Journal},
    volume = {56},
    number = {10},
    pages = {3835-3847},
    year = {2018},
    doi = {10.2514/1.J056949},
}

@article{Thomas2019,
    title = {Turbulent drag reduction using pulsed-{DC} plasma actuation},
    journal = {Journal of Physics D: Applied Physics},
    author = {Thomas, F. O. and Corke, T. C. and Duong, A. and Midya, S. and Yates, K.},
	doi = {10.1088/1361-6463/ab3388},
	year = 2019,
	publisher = {{IOP} Publishing},
	volume = {52},
	number = {43},
	pages = {434001},
}

@article{Kelley2016,
    author = {Kelley, C. L. and Corke, T. C. and Thomas, F. O. and Patel, M. and Cain, A. B.},
    title = {Design and Scaling of Plasma Streamwise Vortex Generators for Flow Separation Control},
    journal = {AIAA Journal},
    volume = {54},
    number = {11},
    pages = {3397-3408},
    year = {2016},
    doi = {10.2514/1.J054950},
}

@article{duong2021, 
    title={Characteristics of drag-reduced turbulent boundary layers with pulsed-direct-current plasma actuation}, 
    volume={915}, DOI={10.1017/jfm.2021.167}, 
    journal={Journal of Fluid Mechanics}, 
    publisher={Cambridge University Press}, 
    author={Duong, A. H. and Corke, T. C. and Thomas, F. O.}, 
    year={2021}, 
    pages={A113}
}

@article{Ersoy1985,
    author = {Ersoy, S.  and Walker, J. D. A. },
    title = {Viscous flow induced by counter‐rotating vortices},
    journal = {The Physics of Fluids},
    volume = {28},
    number = {9},
    pages = {2687-2698},
    year = {1985},
    doi = {10.1063/1.865226},
}

@article{Hussain2011,
    author = {Hussain, F.  and Duraisamy, K. },
    title = {Mechanics of viscous vortex reconnection},
    journal = {Physics of Fluids},
    volume = {23},
    number = {2},
    pages = {021701},
    year = {2011},
    doi = {10.1063/1.3532039},
}

@article{Yao2020,
    title={A physical model of turbulence cascade via vortex reconnection sequence and avalanche}, 
    volume={883}, 
    DOI={10.1017/jfm.2019.905}, 
    journal={Journal of Fluid Mechanics}, 
    publisher={Cambridge University Press}, 
    author={Yao, J. and Hussain, F.}, 
    year={2020}, 
    pages={A51}
}

@article{Lumley1967,
    title={The structure of inhomogeneous turbulence}, 
    journal={Atmospheric Turbulence and Wave Propagation}, 
    publisher={ed. A. M. Yaglom, V. I. Tatarski}, 
    author={Lumley, J. L.}, 
    year={1967}, 
    pages={166-178}
}

@article{Dorr2018TSplasma,
    author = {D\"orr, P. C. and Kloker, M. J.},
    title = {{Numerical Investigations on Tollmien–Schlichting Wave Attenuation Using Plasma-Actuator Vortex Generators}},
    journal = {AIAA Journal},
    volume = {56},
    number = {4},
    pages = {1305-1309},
    year = {2018},
    doi = {10.2514/1.J056779},
}

@Comment{jabref-meta: databaseType:bibtex;}
