@article{Greco2013freq,
title = {On the near field of single and twin circular synthetic air jets},
journal = {International Journal of Heat and Fluid Flow},
volume = {44},
pages = {41-52},
year = {2013},
issn = {0142-727X},
doi = {doi.org/10.1016/j.ijheatfluidflow.2013.03.018},
author = {C. S. Greco and A. Ianiro and T. Astarita and G. Cardone},
}

@article{Sau2010optJICF, 
    title={Optimization of pulsed jets in crossflow}, 
    volume={653}, 
    DOI={10.1017/S0022112010000388}, 
    journal={Journal of Fluid Mechanics}, 
    publisher={Cambridge University Press}, 
    author={Sau, R. and Mahesh, K.}, 
    year={2010}, 
    pages={365–390}
}

@article{Sau2008dynamicsVRICF, 
    title={Dynamics and mixing of vortex rings in crossflow}, 
    volume={604}, DOI={10.1017/S0022112008001328}, 
    journal={Journal of Fluid Mechanics}, 
    publisher={Cambridge University Press}, 
    author={Sau, R. and Mahesh, K.}, 
    year={2008}, 
    pages={389–409}
}

@article{Johari2006scaling,
    author = {Johari, H.},
    title = {Scaling of Fully Pulsed Jets in Crossflow},
    journal = {AIAA Journal},
    volume = {44},
    number = {11},
    pages = {2719-2725},
    year = {2006},
    doi = {10.2514/1.18929}
}

@article{gharib1998scalingVR, 
    title={A universal time scale for vortex ring formation}, 
    volume={360}, 
    DOI={10.1017/S0022112097008410}, 
    journal={Journal of Fluid Mechanics}, 
    publisher={Cambridge University Press}, 
    author={Gharib, M. and Rambod, E. and Shariff, K.}, year={1998},
    pages={121–140}
}

@article{ben2004reconstruction,
  title={Reconstruction temporelle d’un champ a{\'e}rodynamique instationnaire {\`a} partir de mesures PIV non r{\'e}solues dans le temps},
  author={Ben Chiekh, M. and Michard, M. and Grosjean, N. and Bera, J.C.},
  journal={Proceedings of 9{\`e}me Congr{\`e}s Francophone de V{\'e}locim{\'e}trie Laser, Brussels, Belgium},
  year={2004}
}

@article{Ceglia2014,
    title = {Three-dimensional organization of the flow structure in a non-reactive model aero engine lean burn injection system},
    journal = {Experimental Thermal and Fluid Science},
    volume = {52},
    pages = {164-173},
    year = {2014},
    issn = {0894-1777},
    doi = {10.1016/j.expthermflusci.2013.09.007},
    author = {G. Ceglia and S. Discetti and A. Ianiro and D. Michaelis and T. Astarita and G. Cardone}
}

@article{Raiola2016cylindertandem,
    title = {Wake of tandem cylinders near a wall},
    journal = {Experimental Thermal and Fluid Science},
    volume = {78},
    pages = {354-369},
    year = {2016},
    issn = {0894-1777},
    doi = {10.1016/j.expthermflusci.2016.06.003},
    author = {M. Raiola and A. Ianiro and S. Discetti}
}

@article{Clarke1968law3,
    author = {A. C. Clarke},
    title = {Clarke's Third Law on UFO's},
    journal = {Science},
    volume = {159},
    number = {3812},
    pages = {255-255},
    year = {1968},
    doi = {10.1126/science.159.3812.255.c},
}

@article{iuso2002,
    title={Wall turbulence manipulation by large-scale streamwise vortices},
    volume={473}, 
    DOI={10.1017/S0022112002002574}, 
    journal={Journal of Fluid Mechanics}, 
    publisher={Cambridge University Press}, 
    author={Iuso, G. and Onorato, M. and Spazzini, P. G. and Di Cicca, G. M.}, 
    year={2002}, pages={23–58}
}

@article{cheng_wong_hussain_schroder_zhou_2021, 
    title={Flat plate drag reduction using plasma-generated streamwise vortices}, 
    volume={918}, DOI={10.1017/jfm.2021.311}, 
    journal={Journal of Fluid Mechanics}, 
    publisher={Cambridge University Press}, 
    author={Cheng, X.Q. and Wong, C.W. and Hussain, F. and Schröder, W. and Zhou, Y.}, 
    year={2021}, 
    pages={A24}
}

@article{Thomson1852energy,
    author = {W. Thomson},
    title = {XLVII. On a universal tendency in nature to the dissipation of mechanical energy},
    journal = {The London, Edinburgh, and Dublin Philosophical Magazine and Journal of Science},
    volume = {4},
    number = {25},
    pages = {304-306},
    year  = {1852},
    publisher = {Taylor \& Francis},
    doi = {10.1080/14786445208647126}
}

@article{Leal2013rev_electroactive,
    title = {An overview of heat transfer enhancement methods and new perspectives: Focus on active methods using electroactive materials},
    journal = {International Journal of Heat and Mass Transfer},
    volume = {61},
    pages = {505-524},
    year = {2013},
    issn = {0017-9310},
    doi = {10.1016/j.ijheatmasstransfer.2013.01.083},
    author = {L. Léal and M. Miscevic and P. Lavieille and M. Amokrane and F. Pigache and F. Topin and B. Nogarède and L. Tadrist},
}

@incollection{Moffat1984review,
    title = {A Review of Turbulent-Boundary-Layer Heat Transfer Research at Stanford, 1958-1983},
    editor = {J. P. Hartnett and T. F. Irvine},
    series = {Advances in Heat Transfer},
    publisher = {Elsevier},
    volume = {16},
    pages = {241-365},
    year = {1984},
    issn = {0065-2717},
    doi = {10.1016/S0065-2717(08)70206-5},
    author = {R.J. Moffat and W.M. Kays}
}

@article{Chyu1996obstacles,
    title = {Heat transfer on the base surface of threedimensional protruding elements},
    journal = {International Journal of Heat and Mass Transfer},
    volume = {39},
    number = {14},
    pages = {2925-2935},
    year = {1996},
    issn = {0017-9310},
    doi = {10.1016/0017-9310(95)00381-9},
    author = {M.K. Chyu and V. Natarajan},
}

@article{Awais2018review,
    title = {Heat transfer enhancement using different types of vortex generators (VGs): A review on experimental and numerical activities},
    journal = {Thermal Science and Engineering Progress},
    volume = {5},
    pages = {524-545},
    year = {2018},
    issn = {2451-9049},
    doi = {10.1016/j.tsep.2018.02.007},
    author = {M. Awais and A. A. Bhuiyan},
}

@book{bergman2011fundamentals,
  title={Fundamentals of heat and mass transfer},
  author={Bergman, T. L. and and Incropera, F. P. and Dewitt, D. P. and Lavine, A. S},
  year={2011},
  publisher={John Wiley \& Sons},
  edition   = {7th},
  isbn = {978-1-119-35388-1}
}

@article{prandtl1910beziehung,
  title={Eine beziehung zwischen warmeaustausch and stromungswiderstand der flussigkeiten},
  author={Prandtl, L.},
  journal={Phys. Z.},
  volume={11},
  pages={1072--1078},
  year={1910}
}

@book{Lienhard2020HT,
    author = {Lienhard, IV, J. H. and Lienhard, V, J. H.},
    title = {A Heat Transfer Textbook},
    publisher = {Phlogiston Press},
    year = {2020},
    address = {Cambridge, MA},
    edition = {5th},
    note = {Version 5.10},
    pagetotal = {784}
}

@book{bejan1948HT,
  title={Heat transfer},
  author={Bejan, A.},
  year={1948},
  publisher={John Wiley \& Sons},
  isbn = {812653074X}
}

@book{eckert1959HMT,
  title={Heat and Mass transfer},
  author={Eckert, E. R. G. and Drake, R. M.},
  year={1959},
  publisher={McGraw-Hill Book Company},
}

@book{Gebhart1971HT,
  title={Heat transfer},
  author={Gebhart, B.},
  year={1971},
  publisher={McGraw-Hill Book Company},
  isbn = {0070231273},
}

ISBN 10: 0070231273

@article{Papapetrou2018thermalloss,
    title = {Industrial waste heat: Estimation of the technically available resource in the EU per industrial sector, temperature level and country},
    journal = {Applied Thermal Engineering},
    volume = {138},
    pages = {207-216},
    year = {2018},
    issn = {1359-4311},
    doi = {10.1016/j.applthermaleng.2018.04.043},
    author = {M. Papapetrou and G. Kosmadakis and A. Cipollina and U. {La Commare} and G. Micale}
}

@book{fourier1822theorie,
  title={Th{\'e}orie analytique de la chaleur},
  author={Fourier, J. B. J. and Darboux, G. and others},
  volume={504},
  year={1822},
  publisher={Didot Paris}
}

@article{Moin1998DNS,
    author = {Moin, P. and Mahesh, K.},
    title = {{Direct Numerical Simulation: A Tool in Turbulence Research}},
    journal = {Annual Review of Fluid Mechanics},
    volume = {30},
    number = {1},
    pages = {539-578},
    year = {1998},
    doi = {10.1146/annurev.fluid.30.1.539}
}

@Book{daVinci2000,
author={Leonardo, da Vinci, 1452-1519},
title={Leonardo da Vinci : the Codex Leicester--notebook of a genius},
year={2000},
publisher={Sydney, N.S.W. : Powerhouse ; Aldershot : Lund Humphries, 2000.},
note={{\&}quot;Published in conjunction with the exhibition ... at the Powerhouse Museum, 5 September to 5 November 2000{\&}quot;--T.p. verso.;Includes bibliographical references (page 168).},
}

@article{Xu2019LHrecovery,
    title = {Perspectives for low-temperature waste heat recovery},
    journal = {Energy},
    volume = {176},
    pages = {1037-1043},
    year = {2019},
    issn = {0360-5442},
    doi = {10.1016/j.energy.2019.04.001},
    author = {Z.Y. Xu and R.Z. Wang and Chun Yang}
}

@article{Ren2021windturb,
    title = {Offshore wind turbine operations and maintenance: A state-of-the-art review},
    journal = {Renewable and Sustainable Energy Reviews},
    volume = {144},
    pages = {110886},
    year = {2021},
    issn = {1364-0321},
    doi = {10.1016/j.rser.2021.110886},
    author = {Z. Ren and A. S. Verma and Y. Li and J. J.E. Teuwen and Z. Jiang},
}

@article{Sunden2017heatwind,
    author = {Sunden, B. and Wu, Z.},
    title = "{On Heat Transfer Issues for Wind Energy Systems}",
    journal = {Journal of Energy Resources Technology},
    volume = {139},
    number = {5},
    year = {2017},
    month = {02},
    issn = {0195-0738},
    doi = {10.1115/1.4035553},
    note = {051201}
}

@article{Nadjahi2018DCcooling,
    title = {A review of thermal management and innovative cooling strategies for data center},
    journal = {Sustainable Computing: Informatics and Systems},
    volume = {19},
    pages = {14-28},
    year = {2018},
    issn = {2210-5379},
    doi = {10.1016/j.suscom.2018.05.002},
    author = {C. Nadjahi and H. Louahlia and S. Lemasson}
}

@article{Habibi2017DCcooling,
    title = {A Review on efficient thermal management of air- and liquid-cooled data centers: From chip to the cooling system},
    journal = {Applied Energy},
    volume = {205},
    pages = {1165-1188},
    year = {2017},
    issn = {0306-2619},
    doi = {10.1016/j.apenergy.2017.08.037},
    author = {A. {Habibi Khalaj} and S. K. Halgamuge}
}

@misc{EUC2018,
  author      = "{European Commission}",
  title       = "{A clean planet for all. A European strategic long-term vision for a prosperous, modern, competitive and climate neutral economy}",
  year        = "2018",
  note = "COM 773"
}

@article{pan2020unscented,
  title={Unscented {K}alman filter ({UKF}) based nonlinear parameter estimation for a turbulent boundary layer: a data assimilation framework},
  author={Pan, Z. and Zhang, Y. and Gustavsson, J. and Hickey, J.P. and Cattafesta, L.},
  journal={Meas. Sci. Technol.},
  year={2020},
  publisher={IOP Publishing}
}

@incollection{manglik2003heat,
  title={Heat transfer enhancement},
  author={Manglik, R. M.},
  booktitle={Heat transfer handbook},
  pages={1029--1130},
  year={2003},
  publisher={Wiley, New York},
  editor      ={Bejan, A. and Kraus A. D.},
  chapter = 14,
}

@Article{Parezanovic2016jfm,
  author  = {Parezanovi\'c, V. and Cordier, L. and Spohn, A. and Duriez, T. and Noack, B.~R. and Bonnet, J.-P. and Segond, M. and Abel, M. and Brunton, S.~L.},
  journal = {J.\ Fluid Mech.},
  title   = {Frequency selection by feedback control in a turbulent shear flow},
  year    = {2016},
  pages   = {247--283},
  volume  = {797},
  doi     = {10.1017/jfm.2016.261},
}

 @Article{Beintema2020controlRBC,
  author  = {G. Beintema and A. Corbetta and L. Biferale and F. Toschi},
  journal = {Journal of Turbulence},
  title   = {Controlling rayleigh–bénard convection via reinforcement learning},
  year    = {2020},
  pages   = {585-605},
  volume  = {21},
  doi     = {10.1080/14685248.2020.1797059},
}

@Article{li2021ReLe,
  author   = {Li, J. and Zhang, M.},
  journal  = {Journal of Fluid Mechanics}, 
  title    = {Reinforcement-learning-based control of confined cylinder wakes with stability analyses},
  volume = {932},
  number = {44}, 
  year = {2021},
  doi = {10.1017/jfm.2021.1045}
}

@Article{paris2021,
  author  = {Paris, R. and Beneddine, S. and Dandois, J.},
  journal = {Journal of Fluid Mechanics},
  title   = {Robust flow control and optimal sensor placement using deep reinforcement learning},
  year    = {2021},
  volume  = {913},
  doi     = {10.1017/jfm.2020.1170},
}

@article{Ren2019pof,
    author = {Ren, F. and Wang, C. and Tang, H.},
    title = {Active control of vortex-induced vibration of a circular cylinder using machine learning},
    journal = {Physics of Fluids},
    volume = {31},
    number = {9},
    pages = {093601},
    year = {2019},
    doi = {10.1063/1.5115258}
}

@Article{pino2022comparative,
  author  = {Pino, F. and Schena, L. and Rabault, J. and Kuhnle, A. and Mendez, M.},
  journal = {arXiv preprint arXiv:2202.11664},
  title   = {Comparative analysis of machine learning methods for active flow control},
  year    = {2022},
  doi     = {10.48550/arXiv.2202.11664},
}

@Article{gautier2015MLC,
  author   = {Gautier, N. and Aider, J. L. and Duriez, T. and Noack, B. R. and Segond, M. and Abel, M.},
  journal  = {Journal of Fluid Mechanics},
  title    = {Closed-loop separation control using machine learning},
  year     = {2015},
  issn     = {0022-1120, 1469-7645},
  pages    = {442--457},
  volume   = {770},
  doi      = {10.1017/jfm.2015.95}
}

@Article{li2017GP,
  author   = {Li, R. and Noack, B. R. and Cordier, L. and Bor\'ee, J. and Harambat, F.},
  journal  = {Experiments in Fluids},
  title    = {Drag reduction of a car model by linear genetic programming control},
  year     = {2017},
  issn     = {0723-4864, 1432-1114},
  number   = {8},
  pages    = {103},
  volume   = {58},
  doi      = {10.1007/s00348-017-2382-2}
}

@article{Gelbert2012extseek,
    title = {Advanced algorithms for gradient estimation in one- and two-parameter extremum seeking controllers},
    journal = {Journal of Process Control},
    volume = {22},
    number = {4},
    pages = {700-709},
    year = {2012},
    issn = {0959-1524},
    doi = {10.1016/j.jprocont.2012.01.022},
    author = {G. Gelbert and J. P. Moeck and C. O. Paschereit and R. King}
}

@article{Zhang2004control,
    author = {Zhang, M. M. and Cheng, L. and Zhou, Y.},
    title = {Closed-loop-controlled vortex shedding and vibration of a flexibly supported square cylinder under different schemes},
    journal = {Physics of Fluids},
    volume = {16},
    number = {5},
    pages = {1439-1448},
    year = {2004},
    doi = {10.1063/1.1687413}
}

@article{Becker2007extseek,
    author = {Becker, R. and King, R. and Petz, R. and Nitsche, W.},
    title = {Adaptive Closed-Loop Separation Control on a High-Lift Configuration Using Extremum Seeking},
    journal = {AIAA Journal},
    volume = {45},
    number = {6},
    pages = {1382-1392},
    year = {2007},
    doi = {10.2514/1.24941}
}

@Article{Benard2016ga,
    author={Benard, N. and Pons-Prats, J. and Periaux, J. and Bugeda, G. and Braud, P. and Bonnet, J. P. and Moreau, E.},
    title={Turbulent separated shear flow control by surface plasma actuator: experimental optimization by genetic algorithm approach},
    journal={Experiments in Fluids},
    year={2016},
    month={Jan},
    day={20},
    volume={57},
    number={2},
    pages={22},
    issn={1432-1114},
    doi={10.1007/s00348-015-2107-3}
}

@article{Lee1997NN,
    author = {Lee, C. and Kim, J. and Babcock, D. and Goodman, R.},
    title = {Application of neural networks to turbulence control for drag reduction},
    journal = {Physics of Fluids},
    volume = {9},
    number = {6},
    pages = {1740-1747},
    year = {1997},
    doi = {10.1063/1.869290}
}

@article{Fan2020mlc-ahmed,
    author = {Fan, D. and Zhang, B. and Zhou, Y. and Noack, B. R.},
    title = {Optimization and sensitivity analysis of active drag reduction of a square-back Ahmed body using machine learning control},
    journal = {Physics of Fluids},
    volume = {32},
    number = {12},
    pages = {125117},
    year = {2020},
    doi = {10.1063/5.0033156}
}

@article{Koumoutsakos2001evolcontrol,
    author = {Koumoutsakos, P. and Freund, J. and Parekh, D.},
    title = {Evolution Strategies for Automatic Optimization of Jet Mixing},
    journal = {AIAA Journal},
    volume = {39},
    number = {5},
    pages = {967-969},
    year = {2001},
    doi = {10.2514/2.1404}
}

@article{akervik2007galerkin, 
    title={Optimal growth, model reduction and control in a separated boundary-layer flow using global eigenmodes}, 
    volume={579}, 
    DOI={10.1017/S0022112007005496}, 
    journal={Journal of Fluid Mechanics}, 
    publisher={Cambridge University Press}, 
    author={\r{A}kervik, E. and H{\oe}pffner, J. and Ehrenstein, U. and Henningson, D. S.}, 
    year={2007}, 
    pages={305–314}
}

@Article{Pfeiffer2018robustcontrol,
    author={Pfeiffer, J. and King, R.},
    title={Robust control of drag and lateral dynamic response for road vehicles exposed to cross-wind gusts},
    journal={Experiments in Fluids},
    year={2018},
    month={Feb},
    day={09},
    volume={59},
    number={3},
    pages={45},
    issn={1432-1114},
    doi={10.1007/s00348-017-2479-7}
}

@article{luchtenburg2009galerkin,
    title={A generalized mean-field model of the natural and high-frequency actuated flow around a high-lift configuration}, 
    volume={623}, 
    DOI={10.1017/S0022112008004965}, 
    journal={Journal of Fluid Mechanics}, 
    publisher={Cambridge University Press}, 
    author={Luchtenburg, D. M. and G\"unther, B. and Noack, B. R. and King, R. and Tadmor, G.}, 
    year={2009}, 
    pages={283–316}
}

@article{pastoor2008control,
    title={Feedback shear layer control for bluff body drag reduction}, 
    volume={608}, 
    DOI={10.1017/S0022112008002073}, 
    journal={Journal of Fluid Mechanics}, 
    publisher={Cambridge University Press}, 
    author={Pastoor, M. and Henning, L. and Noack, B. R. and King, R. and Tadmor, G.},
    year={2008}, 
    pages={161–196}
}

@article{Glezer2005control,
    author = {Glezer, A. and Amitay, M. and Honohan, A. M.},
    title = {Aspects of Low- and High-Frequency Actuation for Aerodynamic Flow Control},
    journal = {AIAA Journal},
    volume = {43},
    number = {7},
    pages = {1501-1511},
    year = {2005},
    doi = {10.2514/1.7411}
}


@article{Fukagata2003oppcontrol,
    title = {Drag reduction in turbulent pipe flow with feedback control applied partially to wall},
    journal = {International Journal of Heat and Fluid Flow},
    volume = {24},
    number = {4},
    pages = {480-490},
    year = {2003},
    note = {Selected Papers from the Fifth International Conference on Engineering Turbulence Modelling and Measurements},
    issn = {0142-727X},
    doi = {10.1016/S0142-727X(03)00058-4},
    author = {K. Fukagata and N. Kasagi}
}

@article{Rowley2006control,
    author = {Rowley, C. W. and Williams, D. R.},
    title = {Dynamics and control of {high-Reynolds-number} flow over open cavities},
    journal = {Annual Review of Fluid Mechanics},
    volume = {38},
    number = {1},
    pages = {251-276},
    year = {2006},
    doi = {10.1146/annurev.fluid.38.050304.092057}
}

@article{Kim2007linearcontrol,
    author = {Kim, J. and Bewley, T. R.},
    title = {A Linear Systems Approach to Flow Control},
    journal = {Annual Review of Fluid Mechanics},
    volume = {39},
    number = {1},
    pages = {383-417},
    year = {2007},
    doi = {10.1146/annurev.fluid.39.050905.110153}
}

@article{Sipp2010linearcontrol,
    author = {Sipp, D. and Marquet, O. and Meliga, P. and Barbagallo, A.},
    title = "{Dynamics and Control of Global Instabilities in Open-Flows: A Linearized Approach}",
    journal = {Applied Mechanics Reviews},
    volume = {63},
    number = {3},
    year = {2010},
    month = {04},
    issn = {0003-6900},
    doi = {10.1115/1.4001478},
    note = {030801}
}

@Article{Tinney2006LSE,
    author={Tinney, C. E. and Coiffet, F. and Delville, J. and Hall, A. M. and Jordan, P. and Glauser, M. N.},
    title={On spectral linear stochastic estimation},
    journal={Experiments in Fluids},
    year={2006},
    month={Nov},
    day={01},
    volume={41},
    number={5},
    pages={763-775},
    issn={1432-1114},
    doi={10.1007/s00348-006-0199-5}
}

@Article{Sasaki2018clc,
    author={Sasaki, K. and Tissot, G. and Cavalieri, A. V. G. and Silvestre, F. J. and Jordan, P. and Biau, D.},
    title={Closed-loop control of a free shear flow: a framework using the parabolized stability equations},
    journal={Theoretical and Computational Fluid Dynamics},
    year={2018},
    month={Dec},
    day={01},
    volume={32},
    number={6},
    pages={765-788},
    issn={1432-2250},
    doi={10.1007/s00162-018-0477-x}
}

@article{sasaki2017wavepackets,
title={Real-time modelling of wavepackets in turbulent jets}, 
volume={821}, 
DOI={10.1017/jfm.2017.201}, 
journal={Journal of Fluid Mechanics}, 
publisher={Cambridge University Press}, 
author={Sasaki, K. and Piantanida, S. and Cavalieri, A. V. G. and Jordan, P.}, year={2017}, 
pages={458–481}
}


@article{Choi2008control,
    author = {Choi, H. and Jeon, W.-P. and Kim, J.},
    title = {Control of Flow Over a Bluff Body},
    journal = {Annual Review of Fluid Mechanics},
    volume = {40},
    number = {1},
    pages = {113-139},
    year = {2008},
    doi = {10.1146/annurev.fluid.39.050905.110149}
}

@article{Krstic2000extremumseek,
    title = {Stability of extremum seeking feedback for general nonlinear dynamic systems},
    journal = {Automatica},
    volume = {36},
    number = {4},
    pages = {595-601},
    year = {2000},
    issn = {0005-1098},
    doi = {10.1016/S0005-1098(99)00183-1},
    author = {M. Krsti\'{c} and H. H. Wang}
}

@article{monkewitz1988phase,
    title={Subharmonic resonance, pairing and shredding in the mixing layer},
    volume={188}, 
    DOI={10.1017/S0022112088000710}, 
    journal={Journal of Fluid Mechanics}, 
    publisher={Cambridge University Press}, 
    author={Monkewitz, P. A.}, 
    year={1988}, 
    pages={223–252}
}

@Article{Castellanos2022LGPCvsRL,
  author  = {Castellanos,R. and Cornejo Maceda,G. Y. and de la Fuente,I. and Noack,B. R. and Ianiro,A. and Discetti,S.},
  journal = {Physics of Fluids},
  title   = {Machine-learning flow control with few sensor feedback and measurement noise},
  year    = {2022},
  number  = {4},
  pages   = {047118},
  volume  = {34},
  doi     = {10.1063/5.0087208},
}

@misc{Castellanos2022slotjet,
  doi = {10.48550/ARXIV.2204.09953},
  author = {Castellanos, R. and Salih, G. and Raiola, M. and Ianiro, A. and Discetti, S.},
  title = {Heat transfer enhancement in turbulent boundary layers with a pulsed slot jet in crossflow},
  publisher = {arXiv},
  year = {2022},
}

@Article{rabault2019JFM,
  author    = {Rabault, Jean and Kuchta, Miroslav and Jensen, Atle and Réglade, Ulysse and Cerardi, Nicolas},
  journal   = {Journal of fluid mechanics},
  title     = {Artificial neural networks trained through deep reinforcement learning discover control strategies for active ﬂow control},
  year      = {2019},
  pages     = {281-302},
  volume    = {865},
  doi       = {10.1017/jfm.2019.62},
  publisher = {Cambridge University Press},
}

@article{minelli2020lgac,
    title={Upstream actuation for bluff-body wake control driven by a genetically inspired optimization},
    volume={893}, 
    DOI={10.1017/jfm.2020.220},
    journal={Journal of Fluid Mechanics},
    publisher={Cambridge University Press},
    author={Minelli, G. and Dong, T. and Noack, B. R. and Krajnović, S.},
    year={2020}, 
    pages={A1}
}

@article{Fan2017jetcontrol,
          volume = {55},
          number = {11},
           month = {November},
          author = {Fan, D. W. and Wu Z. and Yang, H. and Li, J. D. and Zhou, Y.},
           title = {Modified Extremum-Seeking Closed-Loop System for Jet Mixing Enhancement},
       publisher = {American Institute of Aeronautics and Astronautics},
            year = {2017},
         journal = {AIAA Journal},
             doi = {10.2514/1.J055644},
           pages = {3891 -- 3902},
}

@Article{duriez2014MLC,
  author  = {Duriez, T. and Parezanović, V. and Cordier, L. and Noack, B. R. and Delville, J. and Bonnet, J. P. and Segond, M. and Abel, M.},
  journal = {arXiv:1404.4589 [nlin, physics:physics]},
  title   = {Closed-{Loop} {Turbulence} {Control} {Using} {Machine} {Learning}},
  year    = {2014},
  note    = {arXiv: 1404.4589v1},
  doi     = {10.48550/arXiv.1404.4589},
}

@Article{Koza1994gp,
    author={Koza, J. R.},
    title={Genetic programming as a means for programming computers by natural selection},
    journal={Statistics and Computing},
    year={1994},
    month={Jun},
    day={01},
    volume={4},
    number={2},
    pages={87-112},
    issn={1573-1375},
    doi={10.1007/BF00175355},
}

@InProceedings{Vanneschi2012,
  author    = {L. Vanneschi and R. Poli},
  booktitle = {Handbook of Natural Computing},
  title     = {Genetic Programming - Introduction, Applications, Theory and Open Issues},
  doi       = {10.1007/978-3-540-92910-9_24},
  year      = {2012},
}

@article{BruntonNoackKoumoutsakos2020,
    author = {Brunton, S. L. and Noack, B. R. and Koumoutsakos, P.},
    title = {{Machine Learning for Fluid Mechanics}},
    journal = {{Annual Review of Fluid Mechanics}},
    volume = {52},
    number = {1},
    pages = {477-508},
    year = {2020},
    doi = {10.1146/annurev-fluid-010719-060214}
}

@Article{cornejomaceda2019pamm,
  author  = {Cornejo Maceda, G.~Y. and Noack, B.~R. and Lusseyran, F. and Deng, N. and Pastur, L. and Morzy\'nski, M.},
  journal = {Proc.\ Appl.\ Math.\ Mech.},
  title   = {Artificial intelligence control applied to drag reduction of the fluidic pinball},
  year    = {2019},
  number  = {1},
  pages   = {e201900268},
  volume  = {19},
  doi     = {10.1002/pamm.201900268},
}

 
 @Inbook{Dracopoulos1997geneticalg,
    author="Dracopoulos, D. C.",
    title="Genetic Algorithms",
    bookTitle="Evolutionary Learning Algorithms for Neural Adaptive Control",
    year="1997",
    publisher="Springer London",
    address="London",
    pages="111--131",
    isbn="978-1-4471-0903-7",
    doi="10.1007/978-1-4471-0903-7_7",
}

@Article{cornejo2021gMLC,
  author   = {Cornejo Maceda, G. Y. and Li, Y. and Lusseyran, F. and Morzyński, M. and Noack, B. R.},
  journal  = {Journal of Fluid Mechanics},
  title    = {Stabilization of the fluidic pinball with gradient-enriched machine learning control},
  year     = {2021},
  issn     = {0022-1120, 1469-7645},
  pages    = {A42},
  volume   = {917},
  doi      = {10.1017/jfm.2021.301}
}

@book{Wahde2008book,
  title={Biologically Inspired Optimization Methods: An Introduction},
  author={Wahde, M.},
  year={2008},
  publisher={WIT Press}
}

@Book{holland1992adaptation,
  author    = {Holland, J. H.},
  publisher = {Ann Arbor: Univ. Mich. Press},
  title     = {Adaptation in natural and artificial systems: an introductory analysis with applications to biology, control, and artificial intelligence},
  year      = {1975},
}

@Book{noack2011ROMcontrol,
  title={{Reduced-Order Modelling for Flow Control}},
  author={Noack, B. R. and Morzynski, M. and Tadmor, G.},
  volume={528},
  year={2011},
  publisher={Springer Science \& Business Media},
  doi = {10.1007/978-3-7091-0758-4},
  isbn = {978-3-7091-0758-4}
}

@InProceedings{Noack2019control,
  author    = {Noack, B. R.},
  booktitle = {Fluid-Structure-Sound Interactions and Control. Proceedings of the 4th Symposium on Fluid-Structure-Sound Interactions and Control},
  title     = {Closed-Loop Turbulence Control-From Human to Machine Learning (and Retour)},
  year      = {2019},
  editor    = {Zhou, Y. and Kimura, M. and Peng, G. and Lucey, A.~D. and Hung, L.},
  pages     = {23-32},
  publisher = {Springer Singapore},
  doi       = {10.1007/978-981-10-7542-1_3},
  isbn      = {978-981-10-7541-4 978-981-10-7542-1},
}

@article{BruntonNoack2015review,
    author = {Brunton, S. L. and Noack, B. R.},
    title = "{Closed-Loop Turbulence Control: Progress and Challenges}",
    journal = {Applied Mechanics Reviews},
    volume = {67},
    number = {5},
    year = {2015},
    month = {08},
    issn = {0003-6900},
    doi = {10.1115/1.4031175},
    note = {050801},
}

@Article{Yu2021GA_drag_slot_jets,
    author={Yu, Jianing
    and Fan, Dewei
    and Noack, Bernd. R.
    and Zhou, Yu},
    title={Genetic-algorithm-based artificial intelligence control of a turbulent boundary layer},
    journal={Acta Mechanica Sinica},
    year={2021},
    month={Dec},
    day={01},
    volume={37},
    number={12},
    pages={1739-1747},
    issn={1614-3116},
    doi={10.1007/s10409-021-01145-4}
}

@article{puzu2019jet,
    title = {Heat transfer enhancement and flow characteristics of vortex generating jet on flat plate with turbulent boundary layer},
    journal = {{Applied Thermal Engineering}},
    volume = {148},
    pages = {196-207},
    year = {2019},
    issn = {1359-4311},
    doi = {10.1016/j.applthermaleng.2018.11.035},
    author = {N. Puzu and S. Prasertsan and C. Nuntadusit}
}

@Article{moore2014emerging,
  author    = {Moore, A. L. and Shi, L.},
  journal   = {Materials today},
  title     = {Emerging challenges and materials for thermal management of electronics},
  year      = {2014},
  number    = {4},
  pages     = {163--174},
  volume    = {17},
  doi       = {10.1016/j.mattod.2014.04.003},
  publisher = {Elsevier},
}

@Book{han2012gas,
  author    = {Han, J.-C. and Dutta, S. and Ekkad, S.},
  publisher = {CRC press},
  title     = {Gas turbine heat transfer and cooling technology},
  year      = {2012},
  isbn      = {9781439855683},
}

@article{ElectroHydroALLEN1995389,
    title = {Electrohydrodynamic enhancement of heat transfer and fluid flow},
    journal = {Heat Recovery Systems and CHP},
    volume = {15},
    number = {5},
    pages = {389-423},
    year = {1995},
    issn = {0890-4332},
    doi = {10.1016/0890-4332(95)90050-0},
    author = {P.H.G. Allen and T.G. Karayiannis},
}

@article{ElectroHydroEames1997,
    title = {Potential benefits of electrohydrodynamic enhancement of two-phase heat transfer in the design of refrigeration systems},
    journal = {Applied Thermal Engineering},
    volume = {17},
    number = {1},
    pages = {79-92},
    year = {1997},
    issn = {1359-4311},
    doi = {10.1016/1359-4311(96)00012-9},
    author = {I.W. Eames and H.M. Sabir},
}

@article{roy2008plasma,
    author = {Roy, S. and Wang, C. C.},
    title = {Plasma actuated heat transfer},
    journal = {Applied Physics Letters},
    volume = {92},
    number = {23},
    pages = {231501},
    year = {2008},
    doi = {10.1063/1.2938886}
}

@article{castellanos2022plasma,
    author={Castellanos, R. and Michelis, T. and Discetti, S. and Ianiro, A. and Kotsonis, M.},
    title = {Reducing turbulent convective heat transfer with streamwise plasma vortex generators},
    journal = {Experimental Thermal and Fluid Science},
    volume = {134},
    pages = {110596},
    year = {2022},
    issn = {0894-1777},
    doi = {10.1016/j.expthermflusci.2022.110596}
}

@article{MLADIN19973305,
    title = {Local convective heat transfer to submerged pulsating jets},
    journal = {International Journal of Heat and Mass Transfer},
    volume = {40},
    number = {14},
    pages = {3305-3321},
    year = {1997},
    issn = {0017-9310},
    doi = {10.1016/S0017-9310(96)00380-8},
    author = {E.C. Mladin and D.A. Zumbrunnen}
}

@article{LIU19963695,
    title = {Heat transfer and flow structures in an excited circular impinging jet},
    journal = {International Journal of Heat and Mass Transfer},
    volume = {39},
    number = {17},
    pages = {3695-3706},
    year = {1996},
    issn = {0017-9310},
    doi = {10.1016/0017-9310(96)00027-0},
    author = {Tianshu Liu and J.P. Sullivan}
}

@article{Cafiero2014ij,
    title = {Heat transfer enhancement of impinging jets with fractal-generated turbulence},
    journal = {International Journal of Heat and Mass Transfer},
    volume = {75},
    pages = {173-183},
    year = {2014},
    issn = {0017-9310},
    doi = {10.1016/j.ijheatmasstransfer.2014.03.049},
    author = {G. Cafiero and S. Discetti and T. Astarita},
}

@article{Kataoka1987ij,
    title = {The effect of surface renewal due to largescale eddies on jet impingement heat transfer},
    journal = {International Journal of Heat and Mass Transfer},
    volume = {30},
    number = {3},
    pages = {559-567},
    year = {1987},
    issn = {0017-9310},
    doi = {10.1016/0017-9310(87)90270-5},
    author = {K. Kataoka and M. Suguro and H. Degawa and K. Maruo and I. Mihata}
}

@Article{bogard2006gas,
  author  = {Bogard, David G and Thole, Karen A},
  journal = {Journal of propulsion and power},
  title   = {Gas turbine film cooling},
  year    = {2006},
  number  = {2},
  pages   = {249--270},
  volume  = {22},
  doi     = {10.2514/1.18034},
}

@article{Jabbal2008SJ,
    title = {The near wall effect of synthetic jets in a boundary layer},
    journal = {International Journal of Heat and Fluid Flow},
    volume = {29},
    number = {1},
    pages = {119-130},
    year = {2008},
    issn = {0142-727X},
    doi = {10.1016/j.ijheatfluidflow.2007.07.011},
    author = {M. Jabbal and S. Zhong}
}

@Article{andreopoulos1984experimental,
  author    = {Andreopoulos, J. and Rodi, W.},
  journal   = {Journal of Fluid Mechanics},
  title     = {Experimental investigation of jets in a crossflow},
  year      = {1984},
  pages     = {93--127},
  volume    = {138},
  doi       = {10.1017/S0022112084000057},
  publisher = {Cambridge University Press},
}

@Article{karagozian2010transverse,
  author    = {Karagozian, Ann R},
  journal   = {Progress in energy and combustion science},
  title     = {Transverse jets and their control},
  year      = {2010},
  number    = {5},
  pages     = {531--553},
  volume    = {36},
  doi       = {10.1016/j.pecs.2010.01.001},
  publisher = {Elsevier},
}

@Article{plesniak2005scalar,
  author    = {Plesniak, M. W. and Cusano, D. M.},
  journal   = {Journal of Fluid Mechanics},
  title     = {Scalar mixing in a confined rectangular jet in crossflow},
  year      = {2005},
  pages     = {1--45},
  volume    = {524},
  doi       = {10.1017/S0022112004001132},
  publisher = {Cambridge University Press},
}

@Article{weston1979properties,
  author  = {Weston, Robert P and Thames, Frank C},
  journal = {Journal of Aircraft},
  title   = {Properties of aspect-ratio-4.0 rectangular jets in a subsonic crossflow},
  year    = {1979},
  number  = {10},
  pages   = {701--707},
  volume  = {16},
  doi     = {10.2514/3.58592},
}

@Article{liscinsky1996crossflow,
  author  = {Liscinsky, David S and True, B and Holdeman, JD},
  journal = {Journal of propulsion and power},
  title   = {Crossflow mixing of noncircular jets},
  year    = {1996},
  number  = {2},
  pages   = {225--230},
  volume  = {12},
  doi     = {10.2514/3.24017},
}

@article{Compton1992vorticesJICF,
    author = {Compton, D. A. and Johnston, J. P.},
    title = {Streamwise vortex production by pitched and skewed jets in a turbulent boundary layer},
    journal = {AIAA Journal},
    volume = {30},
    number = {3},
    pages = {640-647},
    year = {1992},
    doi = {10.2514/3.10967}
}

@article{Zhang1993heatJICF,
    author = {Zhang, X. and Collins, M. W.},
    title = {Flow and heat transfer in a turbulent boundary layer through skewed and pitched jets},
    journal = {AIAA Journal},
    volume = {31},
    number = {9},
    pages = {1590-1599},
    year = {1993},
    doi = {10.2514/3.11819}
}

@article{Gosselin2009GareviewHT,
title = {Review of utilization of genetic algorithms in heat transfer problems},
journal = {International Journal of Heat and Mass Transfer},
volume = {52},
number = {9},
pages = {2169-2188},
year = {2009},
issn = {0017-9310},
doi = {10.1016/j.ijheatmasstransfer.2008.11.015},
author = {L. Gosselin and M. Tye-Gingras and F. Mathieu-Potvin}
}

@Article{Tian2020GAheatexchanger,
    author={Tian, Z. and Abdollahi, A. and Shariati, M. and Amindoust, A. and Arasteh, H. and Karimipour, A. and Goodarzi, M. and Bach, Q.-V.},
    title={Turbulent flows in a spiral double-pipe heat exchanger},
    journal={International Journal of Numerical Methods for Heat {\&} Fluid Flow},
    year={2020},
    month={Jan},
    day={01},
    publisher={Emerald Publishing Limited},
    volume={30},
    number={1},
    pages={39-53},
    issn={0961-5539},
    doi={10.1108/HFF-04-2019-0287},
}

@article{Moon2021GA-HE,
title = {Ultra-power-dense heat exchanger development through genetic algorithm design and additive manufacturing},
journal = {Joule},
volume = {5},
number = {11},
pages = {3045-3056},
year = {2021},
issn = {2542-4351},
doi = {10.1016/j.joule.2021.08.004},
author = {H. Moon and D. J. McGregor and N. Miljkovic and W. P. King},
}

@article{margason1993fifty,
  title={Fifty years of jet in cross flow research},
  author={Margason, R. J.},
  journal={In AGARD},
  year={1993}
}

@article{HOLDEMAN199331,
    title = {Mixing of multiple jets with a confined subsonic crossflow},
    journal = {Progress in Energy and Combustion Science},
    volume = {19},
    number = {1},
    pages = {31-70},
    year = {1993},
    issn = {0360-1285},
    doi = {10.1016/0360-1285(93)90021-6},
    author = {J. D. Holdeman}
}

@article{broadwell1984structure,
  title={Structure and mixing of a transverse jet in incompressible flow},
  author={Broadwell, J. E. and Breidenthal, R. E.},
  journal={Journal of Fluid Mechanics},
  volume={148},
  pages={405--412},
  year={1984},
  publisher={Cambridge University Press},
  DOI={10.1017/S0022112084002408}
}

@article{kamotani1972experiments,
  title={Experiments on a turbulent jet in a cross flow},
  author={Kamotani, Y. and Greber, I.},
  journal={AIAA journal},
  volume={10},
  number={11},
  pages={1425--1429},
  year={1972},
  doi = {10.2514/3.50386},
}

@article{smith1998mixing,
  title={Mixing, structure and scaling of the jet in crossflow},
  volume={357}, 
  DOI={10.1017/S0022112097007891},
  journal={Journal of Fluid Mechanics},
  publisher={Cambridge University Press},
  author={Smith, S. H. and Mungal, M. G.}, year={1998},
  pages={83–122}
  }

@Article{kelso1996experimental,
  author    = {Kelso, Richard Malcolm and Lim, TT and Perry, AE},
  journal   = {Journal of fluid mechanics},
  title     = {An experimental study of round jets in cross-flow},
  year      = {1996},
  pages     = {111--144},
  volume    = {306},
  doi       = {10.1017/S0022112096001255},
  publisher = {Cambridge University Press},
}

@Article{cortelezzi2001formation,
  author    = {Cortelezzi, L. and Karagozian, A. R},
  journal   = {Journal of Fluid Mechanics},
  title     = {On the formation of the counter-rotating vortex pair in transverse jets},
  year      = {2001},
  pages     = {347–373},
  volume    = {446},
  doi       = {10.1017/S0022112001005894},
  publisher = {Cambridge University Press},
}

@article{vermeulen1992mixing,
  author = {Vermeulen, P. J. and Grabinski, P. and Ramesh, V.},
    title = "{Mixing of an Acoustically Excited Air Jet With a Confined Hot Crossflow}",
    journal = {Journal of Engineering for Gas Turbines and Power},
    volume = {114},
    number = {1},
    pages = {46-54},
    year = {1992},
    month = {01},
    issn = {0742-4795},
    doi = {10.1115/1.2906306}
}

@Article{johari1999penetration,
  author  = {Johari, H and Pacheco-Tougas, M and Hermanson, JC},
  journal = {AIAA journal},
  title   = {Penetration and mixing of fully modulated turbulent jets in crossflow},
  year    = {1999},
  number  = {7},
  pages   = {842--850},
  volume  = {37},
  doi     = {10.2514/2.7532},
}

@Article{eroglu2001structure,
  author  = {Eroglu, A. and Breidenthal, R. E.},
  journal = {AIAA journal},
  title   = {Structure, penetration, and mixing of pulsed jets in crossflow},
  year    = {2001},
  number  = {3},
  pages   = {417--423},
  volume  = {39},
  doi     = {10.2514/2.1351},
}

@article{Germain1955taw,
 ISSN = {0033569X, 15524485},
 author = {P. Germain},
 journal = {Quarterly of Applied Mathematics},
 number = {4},
 pages = {442--444},
 publisher = {Brown University},
 reviewed-author = {Ascher H. Shapiro},
 urldate = {2022-08-26},
 volume = {12},
 year = {1955}
}

@Article{shapiro2006optimization,
  author  = {Shapiro, SR and King, JM and M'closkey, RT and Karagozian, AR},
  journal = {AIAA journal},
  title   = {Optimization of controlled jets in crossflow},
  year    = {2006},
  number  = {6},
  pages   = {1292--1298},
  volume  = {44},
  doi     = {10.2514/1.19457},
}

@Article{zhou2020artificial,
  author    = {Zhou, Y. and Fan, D. and Zhang, B. and Li, R. and Noack, B. R},
  journal   = {Journal of Fluid Mechanics},
  title     = {Artificial intelligence control of a turbulent jet},
  year      = {2020},
  volume    = {897},
  doi       = {10.1017/jfm.2020.392},
  publisher = {Cambridge University Press},
}

@Article{cheng2021skin,
  author    = {Cheng, X.Q. and Qiao, Z.X. and Zhang, X. and Quadrio, M. and Zhou, Y.},
  journal   = {Journal of Fluid Mechanics},
  title     = {Skin-friction reduction using periodic blowing through streamwise slits},
  year      = {2021},
  volume    = {920},
  doi       = {doi.org/10.1017/jfm.2021.439},
  publisher = {Cambridge University Press},
}

@Article{dipprey1963heat,
  author    = {Dipprey, D. F. and Sabersky, R. H.},
  journal   = {International Journal of Heat and Mass Transfer},
  title     = {Heat and momentum transfer in smooth and rough tubes at various Prandtl numbers},
  year      = {1963},
  number    = {5},
  pages     = {329--353},
  volume    = {6},
  doi       = {10.1016/0017-9310(63)90097-8},
  publisher = {Elsevier},
}

@InCollection{Lin1992LEeffect,
  author    = {Lin, N. and Reed, H. L. and Saric, W. S.},
  booktitle = {Instability, Transition, and Turbulence},
  publisher = {Springer},
  title     = {Effect of leading-edge geometry on boundary-layer receptivity to freestream sound},
  year      = {1992},
  pages     = {421--440},
  doi       = {10.1007/978-1-4612-2956-8_42},
}

@Article{sanmiguel2017diagnostic,
  author    = {{Sanmiguel Vila}, C. and Vinuesa, R. and Discetti, S. and Ianiro, A. and Schlatter, P. and {\"O}rl{\"u}, R.},
  journal   = {Journal of Fluid Mechanics},
  title     = {On the identification of well-behaved turbulent boundary layers},
  year      = {2017},
  pages     = {109--138},
  volume    = {822},
  doi       = {10.1017/jfm.2017.258},
  publisher = {Cambridge University Press},
}

@Article{jukes2013plasmaVG,
  author    = {Jukes, T.N. and Choi, K. S.},
  journal   = {Journal of Fluid Mechanics},
  title     = {On the formation of streamwise vortices by plasma vortex generators},
  year      = {2013},
  pages     = {370--393},
  volume    = {733},
  doi       = {10.1017/jfm.2013.418},
  publisher = {Cambridge University Press},
}

@Article{scarano2000iterativePIV,
  author    = {Scarano, F. and Riethmuller, M. L.},
  journal   = {Experiments in Fluids},
  title     = {Advances in iterative multigrid PIV image processing},
  year      = {2000},
  number    = {1},
  pages     = {S051--S060},
  volume    = {29},
  doi       = {10.1007/s003480070007},
  publisher = {Springer},
}

@Article{scarano2001iterativeimgdef,
  author    = {Scarano, F.},
  journal   = {Measurement Science and Technology},
  title     = {Iterative image deformation methods in {PIV}},
  year      = {2001},
  month     = {nov},
  number    = {1},
  pages     = {R1--R19},
  volume    = {13},
  doi       = {10.1088/0957-0233/13/1/201},
  publisher = {{IOP} Publishing}
}

@Article{westerweel2005outlier,
  author    = {Westerweel, J. and Scarano, F.},
  journal   = {Experiments in fluids},
  title     = {Universal outlier detection for {PIV} data},
  year      = {2005},
  number    = {6},
  pages     = {1096--1100},
  volume    = {39},
  doi       = {10.1007/s00348-005-0016-6},
  publisher = {Springer}
}

@Article{kahler2012resolution,
  author    = {K{\"a}hler, C. J. and Scharnowski, S. and Cierpka, C.},
  journal   = {Experiments in fluids},
  title     = {On the resolution limit of digital particle image velocimetry},
  year      = {2012},
  number    = {6},
  pages     = {1629--1639},
  volume    = {52},
  doi       = {10.1007/s00348-012-1280-x},
  publisher = {Springer},
}

@Article{aguera2016EPTV,
  author    = {Ag{\"u}era, N. and Cafiero, G. and Astarita, T. and Discetti, S.},
  journal   = {Measurement Science and Technology},
  title     = {Ensemble 3D {PTV} for high resolution turbulent statistics},
  year      = {2016},
  month     = {oct},
  number    = {12},
  pages     = {124011},
  volume    = {27},
  doi       = {10.1088/0957-0233/27/12/124011},
  publisher = {{IOP} Publishing}
}

@Article{vila2017adverse,
  author    = {{Sanmiguel Vila}, C. and {\"O}rl{\"u}, R. and Vinuesa, R. and Schlatter, P. and Ianiro, A. and Discetti, S.},
  journal   = {Flow, turbulence and combustion},
  title     = {Adverse-pressure-gradient effects on turbulent boundary layers: statistics and flow-field organization},
  year      = {2017},
  number    = {3-4},
  pages     = {589--612},
  volume    = {99},
  doi       = {10.1007/s10494-017-9869-z},
  publisher = {Springer},
}

@Article{reynolds1874analogy,
  author    = {Reynolds, O.},
  journal   = {Proc. Lit. Philos. Soc. Manchester},
  title     = {On the extent and action of the heating surface of steam boilers},
  year      = {1874},
  pages     = {7-12},
  volume    = {14},
}

@article{taylor1916conditions,
  title={Conditions at the surface of a hot body exposed to the wind},
  author={Taylor, G. I.},
  journal={Rep. Memo. of the British Advisory Committee for Aeronautics},
  volume={272},
  pages={423--429},
  year={1916}
}

@Article{churchill1997critique,
  author    = {Churchill, S. W.},
  journal   = {Industrial \& {E}ngineering chemistry research},
  title     = {Critique of the classical algebraic analogies between heat, mass, and momentum transfer},
  year      = {1997},
  number    = {9},
  pages     = {3866--3878},
  volume    = {36},
  doi       = {https://pubs.acs.org/doi/pdf/10.1021/ie960750a},
  publisher = {{ACS} Publications},
}

@article{prandtl1904BL,
  title={{\"U}ber Flussigkeitsbewegung bei sehr kleiner Reibung},
  author={Prandtl, L.},
  journal={Verhandl. III, Internat. Math.-Kong., Heidelberg, Teubner, Leipzig},
  pages={484--491},
  year={1904}
}

@article{Bodenschatz2000RBC,
    author = {Bodenschatz, E. and Pesch, W. and Ahlers, G.},
    title = {{Recent Developments in Rayleigh-Bénard Convection}},
    journal = {Annual Review of Fluid Mechanics},
    volume = {32},
    number = {1},
    pages = {709-778},
    year = {2000},
    doi = {10.1146/annurev.fluid.32.1.709}
}

@article{colburn1933analogy,
  title={A method for correlating forced convection heat transfer data and a comparison with fluid friction},
  author  = {A. P. Colburn},
  journal={Trans. AIChE},
  volume={29},
  pages={174--210},
  year={1933}
}

@Article{Chilton1934Jfactor,
  author    = {Chilton, T. H. and Colburn, A. P.},
  journal   = {Industrial {\&} Engineering Chemistry},
  title     = {Mass Transfer (Absorption) Coefficients Prediction from Data on Heat Transfer and Fluid Friction},
  year      = {1934},
  issn      = {0019-7866},
  month     = {Nov},
  number    = {11},
  pages     = {1183-1187},
  volume    = {26},
  day       = {01},
  doi       = {10.1021/ie50299a012},
  publisher = {American Chemical Society},
}

@Article{raiola2017timeresHT,
  author  = {M. Raiola and C. S. Greco and M. Contino and S. Discetti and A. Ianiro},
  journal = {{I}nternational {J}ournal of {H}eat and {M}ass {T}ransfer},
  title   = {Towards enabling time-resolved measurements of turbulent convective heat transfer maps with {IR} thermography and a heated thin foil},
  year    = {2017},
  issn    = {0017-9310},
  pages   = {199 - 209},
  volume  = {108},
  doi     = {10.1016/j.ijheatmasstransfer.2016.12.002},
}

@Article{carlomagno2010IR,
  author  = {Carlomagno, G. M. and Cardone, G.},
  journal = {Experiments in Fluids},
  title   = {Infrared thermography for convective heat transfer measurements},
  year    = {2010},
  issn    = {1432-1114},
  month   = {Dec},
  number  = {6},
  pages   = {1187-1218},
  volume  = {49},
  day     = {01},
  doi     = {10.1007/s00348-010-0912-2},
}

@article{Carlomagno2014impjet,
    title = {Thermo-fluid-dynamics of submerged jets impinging at short nozzle-to-plate distance: A review},
    journal = {Experimental Thermal and Fluid Science},
    volume = {58},
    pages = {15-35},
    year = {2014},
    issn = {0894-1777},
    doi = {10.1016/j.expthermflusci.2014.06.010},
    author = {G. M. Carlomagno and A. Ianiro},
}

@article{Jambunathan1992rev_jetimp,
    title = {A review of heat transfer data for single circular jet impingement},
    journal = {International Journal of Heat and Fluid Flow},
    volume = {13},
    number = {2},
    pages = {106-115},
    year = {1992},
    issn = {0142-727X},
    doi = {10.1016/0142-727X(92)90017-4},
    author = {K. Jambunathan and E. Lai and M.A. Moss and B.L. Button},
}

@Book{astarita2012infrared,
  author    = {Astarita, T. and Carlomagno, G. M.},
  publisher = {Springer Science \& Business Media},
  title     = {Infrared thermography for thermo-fluid-dynamics},
  year      = {2012},
}

@Article{deluca1995IR,
  author  = {De Luca, L. and Guglieri, G. and Cardone, G. and Carlomagno, G. M.},
  journal = {{AIAA} Journal},
  title   = {Experimental analysis of surface flow on a delta wing by infrared thermography},
  year    = {1995},
  number  = {8},
  pages   = {1510-1512},
  volume  = {33},
  doi     = {10.2514/3.12574}
}

@Article{cardone1900disk,
  author    = {Cardone, G. and Astarita, T. and Carlomagno, G. M.},
  journal   = {International {J}ournal of {R}otating {M}achinery},
  title     = {Heat Transfer Measurements on a Rotating Disk},
  year      = {1900},
  issn      = {1023-621X},
  month     = {Jan},
  pages     = {912069},
  volume    = {3},
  day       = {01},
  doi       = {10.1155/S1023621X97000018},
  publisher = {{H}indawi {P}ublishing {C}orporation}
  }

@Article{buchlin2002ribs,
  author  = {J. M. Buchlin},
  journal = {International Journal of Thermal Sciences},
  title   = {Convective heat transfer in a channel with perforated ribs},
  year    = {2002},
  issn    = {1290-0729},
  number  = {4},
  pages   = {332 - 340},
  volume  = {41},
  doi     = {10.1016/S1290-0729(02)01323-6}
}

@Article{fenot2005jets,
  author  = {M. Fenot and J. J. Vullierme and E. Dorignac},
  journal = {International Journal of Thermal Sciences},
  title   = {Local heat transfer due to several configurations of circular air jets impinging on a flat plate with and without semi-confinement},
  year    = {2005},
  issn    = {1290-0729},
  number  = {7},
  pages   = {665 - 675},
  volume  = {44},
  doi     = {10.1016/j.ijthermalsci.2004.12.002}
}

@Article{giordano2012crossflow,
  author  = {R. Giordano and A. Ianiro and T. Astarita and G. M. Carlomagno},
  journal = {Applied Thermal Engineering},
  title   = {Flow field and heat transfer on the base surface of a finite circular cylinder in crossflow},
  year    = {2012},
  issn    = {1359-4311},
  note    = {Thermal and Environmental Issues in Energy Systems {(ASME/ATE/UIT)}},
  pages   = {79 - 88},
  volume  = {49},
  doi     = {10.1016/j.applthermaleng.2011.10.029}
  }

@Article{He2016rib,
  author  = {He, C. and Liu, Y. and Peng, D. and Yavuzkurt, S.},
  journal = {Experiments in Fluids},
  title   = {Measurement of flow structures and heat transfer behind a wall-proximity square rib using TSP, {PIV} and split-fiber film},
  year    = {2016},
  issn    = {1432-1114},
  month   = {Oct},
  number  = {11},
  pages   = {165},
  volume  = {57},
  day     = {13},
  doi     = {10.1007/s00348-016-2262-1}
}

@Article{mallor2018cubes,
  author  = {F. Mallor and C. {Sanmiguel Vila} and A. Ianiro and S. Discetti},
  journal = {International Journal of Heat and Mass Transfer},
  title   = {Wall-mounted perforated cubes in a boundary layer: Local heat transfer enhancement and control},
  year    = {2018},
  issn    = {0017-9310},
  pages   = {498 - 507},
  volume  = {117},
  doi     = {10.1016/j.ijheatmasstransfer.2017.10.027}
}

@article{Mallor2019ribPOD,
    title = {Modal decomposition of flow fields and convective heat transfer maps: An application to wall-proximity square ribs},
    journal = {Experimental Thermal and Fluid Science},
    volume = {102},
    pages = {517-527},
    year = {2019},
    issn = {0894-1777},
    doi = {10.1016/j.expthermflusci.2018.12.023},
    author = {F. Mallor and M. Raiola and C. {Sanmiguel Vila} and R. \"Orl\"u and S. Discetti and A. Ianiro}
}

@article{Giachetti2018synjet,
    title = {Influence of Reynolds number synthetic jet dynamic in crossflow configuration on heat transfer enhancement},
    journal = {International Journal of Heat and Mass Transfer},
    volume = {118},
    pages = {1-13},
    year = {2018},
    issn = {0017-9310},
    doi = {10.1016/j.ijheatmasstransfer.2017.10.097},
    author = {B. Giachetti and M. Fénot and D. Couton and F. Plourde}
}

@article{Kenjere2008EMheat,
  title = {Electromagnetic enhancement of turbulent heat transfer},
  author = {Kenjere\v{s}, S.},
  journal = {Phys. Rev. E},
  volume = {78},
  issue = {6},
  pages = {066309},
  numpages = {5},
  year = {2008},
  month = {Dec},
  publisher = {American Physical Society},
  doi = {10.1103/PhysRevE.78.066309},
}

@Article{sanmiguelvila2016hconv,
  author  = {C. {Sanmiguel Vila} and S. Discetti and G. M. Carlomagno and T. Astarita and A. Ianiro},
  journal = {International Journal of Thermal Sciences},
  title   = {On the onset of horizontal convection},
  year    = {2016},
  issn    = {1290-0729},
  pages   = {96 - 108},
  volume  = {110},
  doi     = {10.1016/j.ijthermalsci.2016.06.019}
}

@Article{orlu2010wallpos,
  author  = {R. {\"O}rl{\"u} and Jens H.M. Fransson and P. H. Alfredsson},
  journal = {Progress in Aerospace Sciences},
  title   = {On near wall measurements of wall bounded flows—The necessity of an accurate determination of the wall position},
  year    = {2010},
  issn    = {0376-0421},
  number  = {8},
  pages   = {353 - 387},
  volume  = {46},
  doi     = {10.1016/j.paerosci.2010.04.002}
}

@Article{rodriguez2015skinfric,
  author  = {Rodr{\'i}guez-L{\'o}pez, E. and Bruce, P. J. K. and Buxton, O. R. H.},
  journal = {Experiments in Fluids},
  title   = {A robust post-processing method to determine skin friction in turbulent boundary layers from the velocity profile},
  year    = {2015},
  month   = {Mar},
  number  = {4},
  pages   = {68},
  volume  = {56},
  day     = {17},
  doi     = {10.1007/s00348-015-1935-5}
}

@Article{vinuesa2016nagib,
  author  = {R. Vinuesa and H. M. Nagib},
  journal = {European Journal of Mechanics - B/Fluids},
  title   = {Enhancing the accuracy of measurement techniques in high Reynolds number turbulent boundary layers for more representative comparison to their canonical representations},
  year    = {2016},
  issn    = {0997-7546},
  note    = {Vortical Structures and Wall Turbulence},
  pages   = {300 - 312},
  volume  = {55},
  doi     = {10.1016/j.euromechflu.2015.09.004}
}

@Article{chauhan2009,
  author    = {Chauhan, K. A. and Monkewitz, P. A. and Nagib, H. M.},
  journal   = {Fluid Dynamics Research},
  title     = {Criteria for assessing experiments in zero pressure gradient boundary layers},
  year      = {2009},
  month     = {mar},
  number    = {2},
  pages     = {021404},
  volume    = {41},
  doi       = {10.1088/0169-5983/41/2/021404},
  publisher = {{IOP} Publishing},
}

@Article{vinuesa2016gradTBL,
  author    = {Vinuesa, R. and Bobke, A. and {\"O}rl{\"u}, R. and Schlatter, P.},
  journal   = {Physics of Fluids},
  title     = {On determining characteristic length scales in pressure-gradient turbulent boundary layers},
  year      = {2016},
  number    = {5},
  pages     = {055101},
  volume    = {28},
  doi       = {10.1063/1.4947532},
  publisher = {{AIP} Publishing {LLC}}
}

@Article{alfredsson2011diagnostic,
  author  = {Alfredsson, P. H. and Segalini, A. and {\"O}rl{\"u},R.},
  journal = {Physics of Fluids},
  title   = {A new scaling for the streamwise turbulence intensity in wall-bounded turbulent flows and what it tells us about the “outer” peak},
  year    = {2011},
  number  = {4},
  pages   = {041702},
  volume  = {23},
  doi     = {10.1063/1.3581074}
}

@Article{clauser1954apg,
  author  = {Clauser, F. H.},
  journal = {Journal of the Aeronautical Sciences},
  title   = {Turbulent Boundary Layers in Adverse Pressure Gradients},
  year    = {1954},
  number  = {2},
  pages   = {91-108},
  volume  = {21},
  doi     = {10.2514/8.2938}
}

@Book{minkina2009infrared,
  author    = {Minkina, W. and Dudzik, S.},
  publisher = {John Wiley \& Sons},
  title     = {Infrared thermography: errors and uncertainties},
  year      = {2009},
}

@Article{torre2018HTF,
  author  = {A.F.M. Torre and A. Ianiro and S. Discetti and G. M. Carlomagno},
  journal = {International Journal of Heat and Mass Transfer},
  title   = {Evaluation of anisotropic tangential conduction in printed-circuit-board heated-thin-foil heat flux sensors},
  year    = {2018},
  issn    = {0017-9310},
  pages   = {1138 - 1146},
  volume  = {127},
  doi     = {10.1016/j.ijheatmasstransfer.2018.06.106}
}

@Article{guemes2019APG,
  author  = {A. G{\"u}emes and C. {Sanmiguel Vila} and R. {\"O}rl{\"u} and R. Vinuesa and P. Schlatter and A. Ianiro and S. Discetti},
  journal = {Experimental Thermal and Fluid Science},
  title   = {Flow organization in the wake of a rib in a turbulent boundary layer with pressure gradient},
  year    = {2019},
  issn    = {0894-1777},
  pages   = {115 - 124},
  volume  = {108},
  doi     = {10.1016/j.expthermflusci.2019.05.022}
}

@article{jimenez2010, 
    title={Turbulent boundary layers and channels at moderate {R}eynolds numbers}, 
    volume={657}, 
    DOI={10.1017/S0022112010001370}, 
    journal={Journal of Fluid Mechanics}, 
    publisher={Cambridge University Press}, 
    author={Jim\'enez, J. and Hoyas, S. and Simens, M. P. and Mizuno, Y.},
    year={2010},
    pages={335–360}
}

@article{jimenez2004lsturb, 
    title={The large-scale dynamics of near-wall turbulence}, 
    volume={505}, 
    DOI={10.1017/S0022112004008389}, 
    journal={Journal of Fluid Mechanics}, 
    publisher={Cambridge University Press}, 
    author={Jim\'enez, J. and del \'Alamo, J. C. and Flores, O.}, 
    year={2004}, 
    pages={179–199}
}

@Article{soria1996piv,
  author  = {J. Soria},
  journal = {Experimental Thermal and Fluid Science},
  title   = {An investigation of the near wake of a circular cylinder using a video-based digital cross-correlation particle image velocimetry technique},
  year    = {1996},
  issn    = {0894-1777},
  number  = {2},
  pages   = {221 - 233},
  volume  = {12},
  doi     = {10.1016/0894-1777(95)00086-0}
}

@Article{Willert1991digitalpiv,
  author   = {Willert, C. E. and Gharib, M.},
  journal  = {Experiments in Fluids},
  title    = {Digital particle image velocimetry},
  year     = {1991},
  issn     = {1432-1114},
  month    = {Jan},
  number   = {4},
  pages    = {181-193},
  volume   = {10},
  day      = {01},
  doi      = {10.1007/BF00190388}
}

@Article{Westerweel1997piv,
  author    = {J. Westerweel},
  journal   = {Measurement Science and Technology},
  title     = {Fundamentals of digital particle image velocimetry},
  year      = {1997},
  month     = {dec},
  number    = {12},
  pages     = {1379--1392},
  volume    = {8},
  doi       = {10.1088/0957-0233/8/12/002},
  publisher = {{IOP} Publishing}
}

@Article{Kotsonis2015review,
  author    = {M. Kotsonis},
  journal   = {Measurement Science and Technology},
  title     = {Diagnostics for characterisation of plasma actuators},
  year      = {2015},
  month     = {aug},
  number    = {9},
  pages     = {092001},
  volume    = {26},
  doi       = {10.1088/0957-0233/26/9/092001},
  publisher = {{IOP} Publishing}
}

@Article{Cotel1996stationary,
  author   = {Cotel, A. J. and Breidenthal, R. E.},
  journal  = {Applied Scientific Research},
  title    = {A model of stratified entrainment using vortex persistence},
  year     = {1996},
  issn     = {1573-1987},
  month    = {Sep},
  number   = {3},
  pages    = {349-366},
  volume   = {57},
  day      = {01},
  doi      = {10.1007/BF02506069}
}

@Article{Li2019RSrecovery,
  author    = {Li, M. and de Silva, C. M. and Rouhi, A. and Baidya, R. and Chung, D. and Marusic, I. and Hutchins, N.},
  journal   = {Journal of Fluid Mechanics},
  title     = {Recovery of wall-shear stress to equilibrium flow conditions after a rough-to-smooth step change in turbulent boundary layers},
  year      = {2019},
  pages     = {472–491},
  volume    = {872},
  doi       = {10.1017/jfm.2019.351},
  publisher = {Cambridge University Press},
}

@Article{Garratt1990IBL,
  author   = {Garratt, J. R.},
  journal  = {Boundary-Layer Meteorology},
  title    = {The internal boundary layer --- A review},
  year     = {1990},
  issn     = {1573-1472},
  month    = {Mar},
  number   = {1},
  pages    = {171-203},
  volume   = {50},
  day      = {01},
  doi      = {10.1007/BF00120524}
  }

@Article{Savelyev2005IBL,
  author   = {Savelyev, S. A. and Taylor, P. A.},
  journal  = {Boundary-Layer Meteorology},
  title    = {Internal Boundary Layers: I. Height Formulae for Neutral and Diabatic Flows},
  year     = {2005},
  issn     = {1573-1472},
  month    = {Apr},
  number   = {1},
  pages    = {1-25},
  volume   = {115},
  day      = {01},
  doi      = {10.1007/s10546-004-2122-z}
}

@Article{Efros2011srTBL,
  author   = {Efros, V. and Krogstad, P. A.},
  journal  = {Experiments in Fluids},
  title    = {Development of a turbulent boundary layer after a step from smooth to rough surface},
  year     = {2011},
  issn     = {1432-1114},
  month    = {Dec},
  number   = {6},
  pages    = {1563-1575},
  volume   = {51},
  day      = {01},
  doi      = {10.1007/s00348-011-1167-2}
}

@article{Krogstad1998convvel,
    author = {Krogstad, P.-A. and Kaspersen, J. H. and Rimestad, S.},
    title = {Convection velocities in a turbulent boundary layer},
    journal = {Physics of Fluids},
    volume = {10},
    number = {4},
    pages = {949-957},
    year = {1998},
    doi = {10.1063/1.869617}
}

@article{Krogstad2000slitjet,
    author = {Krogstad, P. -A.  and Kourakine, A.},
    title = {Some effects of localized injection on the turbulence structure in a boundary layer},
    journal = {Physics of Fluids},
    volume = {12},
    number = {11},
    pages = {2990-2999},
    year = {2000},
    doi = {10.1063/1.1314338}
}

@Article{Sutherland1893law,
  author    = {W. Sutherland},
  journal   = {The London, Edinburgh, and Dublin Philosophical Magazine and Journal of Science},
  title     = {LII. The viscosity of gases and molecular force},
  year      = {1893},
  number    = {223},
  pages     = {507-531},
  volume    = {36},
  doi       = {10.1080/14786449308620508},
  publisher = {Taylor \& Francis},
}

@Article{Marusic2010wbt,
  author  = {Marusic, I. and McKeon, B. J. and Monkewitz, P. A and Nagib, H. M. and Smits, A. J. and Sreenivasan, K. R.},
  journal = {Physics of Fluids},
  title   = {Wall-bounded turbulent flows at high {R}eynolds numbers: {R}ecent advances and key issues},
  year    = {2010},
  number  = {6},
  pages   = {065103},
  volume  = {22},
  doi     = {10.1063/1.3453711}
}

@Book{pope2000,
  author    = {Pope, S. B.},
  publisher = {Cambridge University Press},
  title     = {Turbulent Flows},
  year      = {2000},
  doi       = {10.1017/CBO9780511840531},
  place     = {Cambridge},
}

@Article{harun2013pressure,
  author    = {Harun, Z. and Monty, J. P. and Mathis, R. and Marusic, I.},
  journal   = {Journal of Fluid Mechanics},
  title     = {Pressure gradient effects on the large-scale structure of turbulent boundary layers},
  year      = {2013},
  pages     = {477–498},
  volume    = {715},
  doi       = {10.1017/jfm.2012.531},
  publisher = {Cambridge University Press},
}

@Article{bradshaw1967,
  author    = {Bradshaw, P.},
  journal   = {Journal of Fluid Mechanics},
  title     = {The turbulence structure of equilibrium boundary layers},
  year      = {1967},
  number    = {4},
  pages     = {625–645},
  volume    = {29},
  doi       = {10.1017/S0022112067001089},
  publisher = {Cambridge University Press},
}

@book{batchelor1953theory,
  title={The Theory of Homogeneous Turbulence},
  author={Batchelor, G.K.},
  isbn={9780521041171},
  lccn={a54008864},
  series={Cambridge Science Classics},
  year={1953},
  publisher={Cambridge University Press},
  number={}
}


@Article{Whalley2010DBDvortex,
  author  = {Whalley, R. D. and Choi, K. S.},
  journal = {Physics of Fluids},
  title   = {Starting, traveling, and colliding vortices: {D}ielectric-{B}arrier-{D}ischarge plasma in quiescent air},
  year    = {2010},
  number  = {9},
  pages   = {091105},
  volume  = {22},
  doi     = {10.1063/1.3481439}
}

@Article{Whalley2012startingV,
  author    = {Whalley, R. D. and Choi, K. S.},
  journal   = {Journal of Fluid Mechanics},
  title     = {The starting vortex in quiescent air induced by dielectric-barrier-discharge plasma},
  year      = {2012},
  pages     = {192–203},
  volume    = {703},
  doi       = {10.1017/jfm.2012.206},
  publisher = {Cambridge University Press},
}

@Article{Jeong1995vortex,
  author    = {Jeong, J. and Hussain, F.},
  journal   = {Journal of Fluid Mechanics},
  title     = {On the identification of a vortex},
  year      = {1995},
  pages     = {69–94},
  volume    = {285},
  doi       = {10.1017/S0022112095000462},
  publisher = {Cambridge University Press},
}

@Article{Du2000,
  author    = {Du, Y. and Karniadakis, G E.},
  journal   = {Science},
  title     = {Suppressing Wall Turbulence by Means of a Transverse Traveling Wave},
  year      = {2000},
  issn      = {0036-8075},
  number    = {5469},
  pages     = {1230--1234},
  volume    = {288},
  doi       = {10.1126/science.288.5469.1230},
  publisher = {American Association for the Advancement of Science}
}

@Article{Du2002,
  author    = {Du, Y. and Symeonidis, V. and Karniadakis, G. E.},
  journal   = {Journal of Fluid Mechanics},
  title     = {Drag reduction in wall-bounded turbulence via a transverse travelling wave},
  year      = {2002},
  pages     = {1–34},
  volume    = {457},
  doi       = {10.1017/S0022112001007613},
  publisher = {Cambridge University Press},
}

@Article{Whalley2014,
  author   = {Whalley, R. D. and Choi, K. S.},
  journal  = {Experiments in Fluids},
  title    = {Turbulent boundary-layer control with plasma spanwise travelling waves},
  year     = {2014},
  issn     = {1432-1114},
  month    = {Aug},
  number   = {8},
  pages    = {1796},
  volume   = {55},
  day      = {02},
  doi      = {10.1007/s00348-014-1796-3}
}

@Article{MerinoMartinez2020,
  author  = {Merino-Mart\'{i}nez, R. and Rubio Carpio, A. and T\'{e}rcio, L. and Pereira, L. and van Herk, S. and Avallone, F. and Ragni, M. and Kotsonis, M.},
  journal = {Applied Acoustics},
  title   = {{Aeroacoustic design and characterization of the 3D-printed, open-jet, anechoic wind tunnel of Delft University of Technology}},
  year    = {2020},
  pages   = {107504},
  volume  = {170},
  doi     = {10.1016/j.apacoust.2020.107504}
}

@Article{Wicks2015,
  author  = {Wicks, M. and Thomas, F. O. and Corke, T. C. and Patel, M. and Cain, A. B.},
  journal = {{AIAA Journal}},
  title   = {Mechanism of Vorticity Generation in Plasma Streamwise Vortex Generators},
  year    = {2015},
  number  = {11},
  pages   = {3404--3413},
  volume  = {53},
  doi     = {10.2514/1.J053997}
}

@Article{Kim2002,
  author  = {Kim, K. and Sung, H. and Chung, M.},
  journal = {AIAA Journal},
  title   = {Assessment of local blowing and suction in a turbulent boundary layer},
  year    = {2002},
  pages   = {175--177},
  volume  = {40},
  doi     = {10.2514/2.1629}
}

@Article{Park1999,
  author  = {Park, J. and Choi, H.},
  journal = {Physics of Fluids},
  title   = {Effects of uniform blowing or suction from a spanwise slot on a turbulent boundary layer flow},
  year    = {1999},
  number  = {10},
  pages   = {3095--3105},
  volume  = {11},
  doi     = {10.1063/1.870167},
}

@Article{Iwamoto2002,
  author  = {Iwamoto, K. and Suzuki, Y. and Kasagi, N.},
  journal = {International Journal of Heat and Fluid Flow},
  title   = {Reynolds number effect on wall turbulence: toward effective feedback control},
  year    = {2002},
  pages   = {678--689},
  volume  = {23},
  doi     = {10.1016/S0142-727X(02)00164-9},
  issue   = {5},
}

@Article{Adrian2000,
  author  = {Adrian, R.J. and Meinhart, C.D. and Tomkins, C.D.},
  journal = {Journal of Fluid Mecanics},
  title   = {Vortex organization in the outer region of the turbulent boundary layer},
  year    = {2000},
  pages   = {1--54},
  volume  = {422},
  doi     = {10.1017/S0022112000001580},
}

@Article{Jimenez1999,
  author  = {Jim\'{e}nez, J. and Pinelli, A.},
  journal = {Journal of Fluid Mechanics},
  title   = {The autonomous cycle of near-wall turbulence},
  year    = {1999},
  pages   = {335–-359},
  volume  = {389},
  doi     = {10.1017/S0022112099005066},
}

@article{hamilton1995,
    title={Regeneration mechanisms of near-wall turbulence structures}, 
    volume={287}, 
    DOI={10.1017/S0022112095000978}, 
    journal={Journal of Fluid Mechanics}, 
    publisher={Cambridge University Press}, 
    author={Hamilton, J. M. and Kim, J. and Waleffe, F.}, 
    year={1995}, 
    pages={317–348}
}

@article{schoppa2002, 
    title={Coherent structure generation in near-wall turbulence}, 
    volume={453}, 
    DOI={10.1017/S002211200100667X}, 
    journal={Journal of Fluid Mechanics}, 
    publisher={Cambridge University Press},
    author={Schoppa, W. and Hussain, F.}, 
    year={2002}, 
    pages={57–108}
}

@article{Butler1993streak,
    author = {Butler,K. M. and Farrell, B. F.},
    title = {Optimal perturbations and streak spacing in wall‐bounded turbulent shear flow},
    journal = {Physics of Fluids A: Fluid Dynamics},
    volume = {5},
    number = {3},
    pages = {774-777},
    year = {1993},
    doi = {10.1063/1.858663},
}

@article{Jimenez1994nwcontrol,
    author = {Jim\'{e}nez, J.},
    title = {On the structure and control of near wall turbulence},
    journal = {Physics of Fluids},
    volume = {6},
    number = {2},
    pages = {944-953},
    year = {1994},
    doi = {10.1063/1.868327}
}

@article{jimenez2018cs, 
    title={Coherent structures in wall-bounded turbulence}, 
    volume={842}, 
    DOI={10.1017/jfm.2018.144}, 
    journal={Journal of Fluid Mechanics}, 
    publisher={Cambridge University Press}, 
    author={Jim\'{e}nez, J.}, 
    year={2018}, 
    pages={P1}
}

@article{Richardson1920,
    author = {Richardson, L. F.},
    title = {The supply of energy from and to atmospheric eddies},
    journal = {Proceedings of the Royal Society of London. Series A, Containing Papers of a Mathematical and Physical Character},
    volume = {97},
    number = {686},
    pages = {354-373},
    year = {1920},
    doi = {10.1098/rspa.1920.0039}
}

@article{Kolmogorov1941,
    author = {Kolmogorov, A. N.},
    title = {Dissipation of energy in the locally isotropic turbulence},
    journal = {Doklady Akademiia Nauk SSSR},
    volume = {32},
    pages = {19-21},
    year = {1941},
}

@Article{Fukagata2002,
  author  = {Fukagata, K. and Iwamoto, K. and Kasagi, N.},
  journal = {Physics of Fluids},
  title   = {Contribution of Reynolds stress distribution to the skin friction in wall-bounded flows},
  year    = {2002},
  number  = {11},
  pages   = {73--76},
  volume  = {14},
  doi     = {10.1063/1.1516779},
}

@Article{Stroh2016,
  author  = {Stroh, A. and Hasegawa, Y. and Schlatter, P. and Frohnapfel, B.},
  journal = {Journal of Fluid Mechanics},
  title   = {Global effect of local skin friction drag reduction in spatially developing boundary layer},
  year    = {2016},
  pages   = {303--321},
  volume  = {805},
  doi     = {10.1017/jfm.2016.545},
}

@Article{Stroh2015,
  author  = {Stroh, A. and Frohnapfel, B. and Schlatter, P. and Hasegawa, Y.},
  journal = {Physics of Fluids},
  title   = {A comparison of opposition control in turbulent boundary layer and turbulent channel flow},
  year    = {2015},
  pages   = {075101},
  volume  = {27},
  doi     = {10.1063/1.4923234},
  issue   = {7}
}

@Article{Choi1994,
  author    = {Choi, H. and Moin, P. and Kim, J.},
  journal   = {Journal of Fluid Mechanics},
  title     = {Active turbulence control for drag reduction in wall-bounded flows},
  year      = {1994},
  pages     = {75–110},
  volume    = {262},
  doi       = {10.1017/S0022112094000431},
  publisher = {Cambridge University Press}
}

@Article{Frohnapfel2010,
  author  = {Frohnapfel, B. and Hasegawam Y. and Kasagi, N.},
  journal = {Internationak Journal of Heat and Fluid Flow},
  title   = {Friction drag reduction through damping of the near-wall spanwise fluctuation},
  year    = {2010},
  number  = {3},
  pages   = {434--441},
  volume  = {31},
  doi     = {10.1016/j.ijheatfluidflow.2010.02.004},
}

@Article{Iwamoto2005,
  author  = {Iwamoto, K. and Fukagata, K. and Kasagi, N. and Suzuki, Y.},
  journal = {Physics of Fluids},
  title   = {Friction drag reduction achievable by near-wall turbulence manipulation at high {Reynolds} numbers},
  year    = {2005},
  number  = {1},
  pages   = {011702},
  volume  = {17},
  doi     = {10.1063/1.1827276},
}

@Article{Mahfoze2019,
  author  = {Mahfoze, O.A. and Moody, A. and Wynn, R. and Whalley, R.D. and Laizet, S.},
  journal = {Physical Review Fluids},
  title   = {Reducing the skin-friction drag of a turbulent boundary-layer flow with low-amplitude wall-normal blowing within a Bayesian optimization framework},
  year    = {2019},
  pages   = {094601},
  volume  = {4},
  doi     = {10.1103/PhysRevFluids.4.094601},
  issue   = {9},
}

@Article{Hirokawa2020,
  author  = {Hirokawa, S. and Ohashi, M. and Eto, K. and Fukagata, K. and Tokugawa, N.},
  journal = {AIAA Journal},
  title   = {Turbulent friction drag reduction on {Clark-Y} airfoil by passive uniform blowing},
  year    = {2020},
  number  = {9},
  pages   = {4178--4180},
  volume  = {58},
  doi     = {10.2514/1.J059627},
}

@Article{Kametani2015,
  author  = {Kametani, Y. and Fukagata, K. and \"{O}rl\"{u}, R. and Schlatter, P.},
  journal = {International Journal of Heat and Fluid Flow},
  title   = {Effect of uniform blowing/suction in a turbulent boundary layer at moderate {Reynolds} number},
  year    = {2015},
  pages   = {132--142},
  volume  = {55},
  doi     = {10.1016/j.ijheatfluidflow.2015.05.019},
}

@Article{Quadrio2011,
  author  = {Quadrio, M.},
  journal = {Philosophical Transactions of the Royal Society A},
  title   = {Drag reduction in turbulent boundary layers by in-plane wall motion},
  year    = {2011},
  pages   = {1428--1442},
  volume  = {369},
  doi     = {10.1098/rsta.2010.0366},
}

@Article{Yudhistira2011,
  author  = {Yudhistira, I. and Skote, M.},
  journal = {Journal of Turbulence},
  title   = {Direct numerical simulation of a turbulent boundary layer over an oscillating wall},
  year    = {2011},
  number  = {9},
  pages   = {1--17},
  volume  = {12},
  doi     = {10.1080/14685248.2010.538397},
}

@Article{Lardeau2013,
  author  = {Lardeau, S. and Leschziner, M.},
  journal = {Physics of Fluids},
  title   = {The streamwise drag-reduction response of a boundary layer subjected to a sudden imposition of transverse oscillatory wall motion},
  year    = {2013},
  number  = {7},
  pages   = {075109},
  volume  = {25},
  doi     = {10.1063/1.4816290},
}

@Article{Corke2010,
  author  = {Corke, T. C. and Enloe, C. L. and Wilkinson, S. P.},
  journal = {Annual Review of Fluid Mechanics},
  title   = {Dielectric Barrier Discharge Plasma Actuators for Flow Control},
  year    = {2010},
  number  = {1},
  pages   = {505-529},
  volume  = {42},
  doi     = {10.1146/annurev-fluid-121108-145550},
}

@Article{Spalart2011,
  author  = {Spalart, P. and McLean, J.},
  journal = {Philosophical Transactions of the Royal Society A},
  title   = {Drag reduction: enticing turbulence, and then an industry},
  year    = {2011},
  pages   = {1556--1569},
  volume  = {369},
  doi     = {10.1098/rsta.2010.0369},
}

@Article{Jukes2012,
  author    = {Jukes, T.N. and Choi, K.S.},
  journal   = {Experiments in fluids},
  title     = {Dielectric-{B}arrier-{D}ischarge {V}ortex {G}enerators: characterisation and optimisation for flow separation control},
  year      = {2012},
  number    = {2},
  pages     = {329--345},
  volume    = {52},
  doi       = {10.1007/s00348-011-1213-0},
  publisher = {Springer},
}

@TechReport{Sandborn1981,
  author      = {Sandborn, V. A.},
  institution = {Colorado State University for Collins Department of Civil Engineering},
  title       = {Aerodynamics-Control of Surface Shear Stress of Fluctuations in Turbulent Boundary Layers},
  year        = {1981},
  note        = {ADA103354},
}

@Article{corke2009sdbd,
  author  = {Corke, T. C. and Post, M. L., and Orlov, D. M.},
  journal = {Experiments in Fluids},
  title   = {Single dielectric barrier discharge plasma enhanced aerodynamics: physics, modeling and applications},
  year    = {2009},
  issn    = {1432-1114},
  month   = {Jan},
  number  = {1},
  pages   = {1-26},
  volume  = {46},
  day     = {01},
  doi     = {10.1007/s00348-008-0582-5},
}

@Article{mertz2011sdbd,
  author    = {Mertz, B. E. and Corke, T. C.},
  journal   = {Journal of Fluid Mechanics},
  title     = {Single-dielectric barrier discharge plasma actuator: modelling and validation},
  year      = {2011},
  pages     = {557},
  volume    = {669},
  doi       = {10.1017/S0022112010005203},
  publisher = {Cambridge University Press},
}

@Article{jukes2013nacaVG,
  author  = {Jukes, T.N. and Segawa, T. and Furutani, H.},
  journal = {AIAA Journal},
  title   = {Flow {C}ontrol on a {NACA} 4418 {U}sing {D}ielectric-{B}arrier-{D}ischarge {V}ortex {G}enerators},
  year    = {2013},
  number  = {2},
  pages   = {452-464},
  volume  = {51},
  doi     = {10.2514/1.J051852}
}

@Article{thomas2009dbdopt,
  author  = {Thomas, F. O. and Corke, T. C. and Iqbal, M. and Kozlov, A. and Schatzman, D.},
  journal = {AIAA Journal},
  title   = {Optimization of {D}ielectric {B}arrier {D}ischarge {P}lasma {A}ctuators for {A}ctive {A}erodynamic {F}low {C}ontrol},
  year    = {2009},
  number  = {9},
  pages   = {2169-2178},
  volume  = {47},
  doi     = {10.2514/1.41588}
}

@Article{Moreau2007review,
  author    = {E. Moreau},
  journal   = {Journal of Physics D: Applied Physics},
  title     = {Airflow control by non-thermal plasma actuators},
  year      = {2007},
  month     = {jan},
  number    = {3},
  pages     = {605--636},
  volume    = {40},
  doi       = {10.1088/0022-3727/40/3/s01},
  publisher = {{IOP} Publishing}
}

@Article{Lin2002reviewVG,
  author  = {Lin, J. C.},
  journal = {Progress in {A}erospace {S}ciences},
  title   = {Review of research on low-profile vortex generators to control boundary-layer separation},
  year    = {2002},
  issn    = {0376-0421},
  number  = {4},
  pages   = {389-420},
  volume  = {38},
  doi     = {10.1016/S0376-0421(02)00010-6}
  }

@article{Castellanos2021PIVuncertainty,
	doi = {10.1088/1361-6501/abfad0},
	year = 2021,
	month = {may},
	publisher = {{IOP} Publishing},
	volume = {32},
	number = {8},
	pages = {084006},
	author = {Castellanos, R. and {Sanmiguel Vila}, C. and G\"uemes, A. and Discetti, S.},
	title = {On the uncertainty of boundary-layer parameters from Ensemble {PTV} data},
	journal = {Measurement Science and Technology}
	}

@article{Amitay2001Cmu,
    author = {Amitay, M. and Smith, D. R. and Kibens, V. and Parekh, D. E. and Glezer, A.},
    title = {Aerodynamic Flow Control over an Unconventional Airfoil Using Synthetic Jet Actuators},
    journal = {AIAA Journal},
    volume = {39},
    number = {3},
    pages = {361-370},
    year = {2001},
    doi = {10.2514/2.1323}
}

@Article{kotsonis2015control,
  author  = {Kotsonis, M. and Shukla, R. K. and Pr{\"o}bsting, S.},
  journal = {International Journal of Flow Control},
  title   = {{Control of Natural Tollmien-Schlichting Waves using Dielectric Barrier Discharge Plasma Actuators}},
  year    = {2015},
  volume  = {7},
  doi     = {10.1260/1756-8250.7.1-2.37},
}

@article{Pereira2014external,
author = {Pereira, R. and Ragni, D. and Kotsonis, M.},
title = {Effect of external flow velocity on momentum transfer of dielectric barrier discharge plasma actuators},
journal = {Journal of Applied Physics},
volume = {116},
number = {10},
pages = {103301},
year = {2014},
doi = {10.1063/1.4894518}
}

@article{jacobi1995,
title = {Heat transfer surface enhancement through the use of longitudinal vortices: A review of recent progress},
journal = {Experimental Thermal and Fluid Science},
volume = {11},
number = {3},
pages = {295-309},
year = {1995},
note = {Generation and Structure of Vortical Flows for Heat Transfer Enhancement},
issn = {0894-1777},
doi = {10.1016/0894-1777(95)00066-U},
author = {Jacobi, A. M. and Shah, R. K.}
}

@article{nakamura2001cube,
title = {Local heat transfer around a wall-mounted cube in the turbulent boundary layer},
journal = {International Journal of Heat and Mass Transfer},
volume = {44},
number = {18},
pages = {3385-3395},
year = {2001},
issn = {0017-9310},
doi = {10.1016/S0017-9310(01)00009-6},
author = {H. Nakamura and T. Igarashi and T. Tsutsui},
}

@article{Chyu1998fin,
    author = {Chyu, M. K. and Hsing, Y. C. and Natarajan, V.},
    title = "{Convective Heat Transfer of Cubic Fin Arrays in a Narrow Channel}",
    journal = {Journal of Turbomachinery},
    volume = {120},
    number = {2},
    pages = {362-367},
    year = {1998},
    month = {04},
    issn = {0889-504X},
    doi = {10.1115/1.2841414},
}

@Article{ghaddar1986numerical,
  author    = {Ghaddar, N. K. and Magen, M. and Mikic, B. B. and Patera, A. T.},
  journal   = {Journal of Fluid Mechanics},
  title     = {Numerical investigation of incompressible flow in grooved channels. Part 2. Resonance and oscillatory heat-transfer enhancement},
  year      = {1986},
  pages     = {541--567},
  volume    = {168},
  doi       = {10.1017/S0022112086000502},
  publisher = {Cambridge University Press},
}

@article{arshad2020syntheticjet,
title = {Synthetic jet actuators for heat transfer enhancement – A critical review},
journal = {International Journal of Heat and Mass Transfer},
volume = {146},
pages = {118815},
year = {2020},
issn = {0017-9310},
doi = {10.1016/j.ijheatmasstransfer.2019.118815},
author = {A. Arshad and M. Jabbal and Y. Yan},
}

@article{Hwang1995roughness,
    author = {Hwang, J. J. and Liou, T. M.},
    title = "{Heat Transfer and Friction in a Low-Aspect-Ratio Rectangular Channel With Staggered Perforated Ribs on Two Opposite Walls}",
    journal = {Journal of Heat Transfer},
    volume = {117},
    number = {4},
    pages = {843-850},
    year = {1995},
    month = {11},
    issn = {0022-1481},
    doi = {10.1115/1.2836300}
}

@Article{Ke2019VG,
  author  = {Z. Ke and C. L. Chen and K. Li and S. Wang and C. H. Chen},
  journal = {International Journal of Heat and Mass Transfer},
  title   = {Vortex dynamics and heat transfer of longitudinal vortex generators in a rectangular channel},
  year    = {2019},
  issn    = {0017-9310},
  pages   = {871-885},
  volume  = {132},
  doi     = {10.1016/j.ijheatmasstransfer.2018.12.064},
}

@article{Gentry1997VG,
title = {Heat transfer enhancement by delta-wing vortex generators on a flat plate: Vortex interactions with the boundary layer},
journal = {Experimental Thermal and Fluid Science},
volume = {14},
number = {3},
pages = {231-242},
year = {1997},
issn = {0894-1777},
doi = {10.1016/S0894-1777(96)00067-2},
author = {M. C. Gentry and A. M. Jacobi},
}

@article{Hechuan2018ratchet,
  title = {Controlling Heat Transport and Flow Structures in Thermal Turbulence Using Ratchet Surfaces},
  author = {Jiang, H. and Zhu, X. and Mathai, V. and Verzicco, R. and Lohse, D. and Sun, C.},
  journal = {Phys. Rev. Lett.},
  volume = {120},
  issue = {4},
  pages = {044501},
  numpages = {5},
  year = {2018},
  month = {Jan},
  publisher = {American Physical Society},
  doi = {10.1103/PhysRevLett.120.044501},
}

@Article{wei2014heat,
  author    = {Wei, P. and Chan, T.S. and Ni, R. and Zhao, X.Z. and Xia, K.Q.},
  journal   = {Journal of fluid mechanics},
  title     = {Heat transport properties of plates with smooth and rough surfaces in turbulent thermal convection},
  year      = {2014},
  pages     = {28},
  volume    = {740},
  doi       = {10.1017/jfm.2013.638},
  publisher = {Cambridge University Press},
}

@Article{Shishkina2011Rayleight,
  author    = {Shishkina, O. and Wagner, C.},
  journal   = {Journal of Fluid Mechanics},
  title     = {Modelling the influence of wall roughness on heat transfer in thermal convection},
  year      = {2011},
  issn      = {00221120},
  month     = {Nov},
  pages     = {568-582},
  volume    = {686},
  address   = {Cambridge},
  day       = {10},
  doi       = {10.1017/jfm.2011.348},
  publisher = {Cambridge University Press},
}

@Book{webb2005enhanced,
  author    = {Webb, R.L. and Kim, N.Y.},
  publisher = {Taylor and Francis, NY},
  title     = {Principles of Enhanced heat transfer},
  year      = {2005},
  isbn      = {9781591690146},
}

@Article{garimella2012thermal,
  author    = {Garimella, S. V. and Yeh, L.T. and Persoons, T.},
  journal   = {IEEE Transactions on Components, Packaging and Manufacturing Technology},
  title     = {Thermal management challenges in telecommunication systems and data centers},
  year      = {2012},
  number    = {8},
  pages     = {1307--1316},
  volume    = {2},
  doi       = {10.1109/TCPMT.2012.2185797},
  publisher = {IEEE},
}

@Article{wang2013recent,
  author    = {Wang, J.J and Choi, K.S. and Feng, L.H. and Jukes, T.N. and Whalley, R.D.},
  journal   = {Progress in Aerospace Sciences},
  title     = {Recent developments in DBD plasma flow control},
  year      = {2013},
  pages     = {52--78},
  volume    = {62},
  doi       = {10.1016/j.paerosci.2013.05.003},
  publisher = {Elsevier},
}

@article{Balle2002persistence,
author = {G. J. Balle and R. E. Breidenthal},
title = {Stationary vortices and persistent turbulence in Karman grooves},
journal = {Journal of Turbulence},
volume = {3},
number = {},
pages = {N33},
year  = {2002},
publisher = {Taylor \& Francis},
doi = {10.1088/1468-5248/3/1/033}
}

@article{Breidenthal1994persistence,
    author = {Breidenthal, R. E.},
    title = "{Entrainment and Mixing in Stratified Flows}",
    journal = {Applied Mechanics Reviews},
    volume = {47},
    number = {6S},
    pages = {S108-S112},
    year = {1994},
    month = {06},
    issn = {0003-6900},
    doi = {10.1115/1.3124383}
}

@inbook{Weber2021VGair,
author = {L. Weber and G. Nino and B. Han and R. Breidenthal},
title = {Manipulation of Streamwise Vortices by Air Injection on Vortex Generators},
booktitle = {AIAA Scitech 2021 Forum},
chapter = {},
pages = {},
year={2021},
doi = {10.2514/6.2021-1193},
}

@inbook{Wittig2019VGplasma,
author = {T. Wittig and G. Nino and R. Breidenthal},
title = {Study on the Effectiveness of Plasma Induced Flow in Manipulating a Near-Wall Vortex},
booktitle = {AIAA Scitech 2019 Forum},
chapter = {},
pages = {},
year={2019},
doi = {10.2514/6.2019-0049}
}

@Article{Benard2014review,
author={Benard, N.
and Moreau, Eric},
title={Electrical and mechanical characteristics of surface AC dielectric barrier discharge plasma actuators applied to airflow control},
journal={Experiments in Fluids},
year={2014},
month={Nov},
day={05},
volume={55},
number={11},
pages={1846},
issn={1432-1114},
doi={10.1007/s00348-014-1846-x},
}

@article{Crow1970vortex,
author = {Crow, S. C.},
title = {Stability theory for a pair of trailing vortices},
journal = {AIAA Journal},
volume = {8},
number = {12},
pages = {2172-2179},
year = {1970},
doi = {10.2514/3.6083}
}

@Article{widnall1974instability,
  author    = {Widnall, S. E. and Bliss, D. B. and Tsai, C.Y.},
  journal   = {Journal of Fluid Mechanics},
  title     = {The instability of short waves on a vortex ring},
  year      = {1974},
  number    = {1},
  pages     = {35--47},
  volume    = {66},
  doi       = {10.1017/S0022112074000048},
  publisher = {Cambridge University Press},
}

@inbook{jukes2006TBLcontrol,
author = {T.N. Jukes and K.S. Choi and G.A. Johnson and S.J. Scott},
title = {Turbulent Drag Reduction by Surface Plasma Through Spanwise Flow Oscillation},
booktitle = {3rd AIAA Flow Control Conference},
chapter = {},
pages = {},
year={2006},
doi = {10.2514/6.2006-3693}
}

@article{choi2011,
author = {Choi, K.S. and Jukes, T.N. and Whalley, R.D.},
title = {Turbulent boundary-layer control with plasma actuators},
journal = {Philosophical Transactions of the Royal Society A: Mathematical, Physical and Engineering Sciences},
volume = {369},
number = {1940},
pages = {1443-1458},
year = {2011},
doi = {10.1098/rsta.2010.0362}
}

@article{Hehner2019,
author = {Hehner, M.T.  and Gatti, D. and Kriegseis,J.},
title = {Stokes-layer formation under absence of moving parts—A novel oscillatory plasma actuator design for turbulent drag reduction},
journal = {Physics of Fluids},
volume = {31},
number = {5},
pages = {051701},
year = {2019},
doi = {10.1063/1.5094388}
}

@article{Mahfoze2019,
title = {Skin-friction drag reduction in a channel flow with streamwise-aligned plasma actuators},
journal = {International Journal of Heat and Fluid Flow},
volume = {66},
pages = {83-94},
year = {2017},
issn = {0142-727X},
doi = {10.1016/j.ijheatfluidflow.2017.05.013},
author = {O. Mahfoze and S. Laizet},
}

@article{Jukes2006,
author = {Jukes, T.N. and Choi, K.S. and Johnson, G.A. and Scott, S.J.},
title = {Characterization of Surface Plasma-Induced Wall Flows Through Velocity and Temperature Measurements},
journal = {AIAA Journal},
volume = {44},
number = {4},
pages = {764-771},
year = {2006},
doi = {10.2514/1.17321}
}

@article{Jayaraman2007,
    author = {Jayaraman, B. and Thakur, S. and Shyy, W.},
    title = "{Modeling of Fluid Dynamics and Heat Transfer Induced by Dielectric Barrier Plasma Actuator}",
    journal = {Journal of Heat Transfer},
    volume = {129},
    number = {4},
    pages = {517-525},
    year = {2007},
    month = {01},
    issn = {0022-1481},
    doi = {10.1115/1.2709659}
}

@article{Rodrigues2018,
    author = {Rodrigues, F.F. and Pascoa, J.C. and Trancossi, M.},
    title = "{Experimental Analysis of Dielectric Barrier Discharge Plasma Actuators Thermal Characteristics Under External Flow Influence}",
    journal = {Journal of Heat Transfer},
    volume = {140},
    number = {10},
    year = {2018},
    month = {05},
    issn = {0022-1481},
    doi = {10.1115/1.4040152},
}

@article{Rodrigues2018b,
    title = {{Heat generation mechanisms of DBD plasma actuators}},
    journal = {Experimental Thermal and Fluid Science},
    volume = {90},
    pages = {55-65},
    year = {2018},
    issn = {0894-1777},
    doi = {10.1016/j.expthermflusci.2017.09.005},
    author = {Rodrigues, F.F. and Pascoa, J.C. and Trancossi, M.},
}

@article{serpieri2017, 
    title={Conditioning of cross-flow instability modes using dielectric barrier discharge plasma actuators}, volume={833}, 
    doi={10.1017/jfm.2017.707}, 
    journal={Journal of Fluid Mechanics}, 
    publisher={Cambridge University Press}, 
    author={Serpieri, J. and Yadala Venkata, S. and Kotsonis, M.}, 
    year={2017}, 
    pages={164–205}
}

@Article{Logdberg2009,
  author    = {L{\"o}gdberg, O. and Fransson, J. H. M. and Alfredsson, P. H.},
  journal   = {Journal of Fluid Mechanics},
  title     = {Streamwise evolution of longitudinal vortices in a turbulent boundary layer},
  year      = {2009},
  issn      = {00221120},
  month     = {Mar},
  pages     = {27-58},
  volume    = {623},
  day       = {25},
  doi       = {10.1017/S0022112008004825},
  publisher = {Cambridge University Press},
}

@article{Schoppa1998,
    author = {Schoppa, W. and Hussain, F.},
    title = {A large-scale control strategy for drag reduction in turbulent boundary layers},
    journal = {Physics of Fluids},
    volume = {10},
    number = {5},
    pages = {1049-1051},
    year = {1998},
    doi = {10.1063/1.869789}
}

@Article{karagozian1986analytical,
  author  = {Karagozian, A. R.},
  journal = {AIAA journal},
  title   = {An analytical model for the vorticity associated with a transverse jet},
  year    = {1986},
  number  = {3},
  pages   = {429--436},
  volume  = {24},
  doi     = {10.2514/3.9285},
}

@article{Krothapalli1990HSvort,
    author = {Krothapalli, A. and Lourenco, L. and Buchlin, J. M.},
    title = {Separated flow upstream of a jet in a crossflow},
    journal = {AIAA Journal},
    volume = {28},
    number = {3},
    pages = {414-420},
    year = {1990},
    doi = {10.2514/3.10408}
}

@article{Gutmark1999noncirc,
    author = {Gutmark, E. J. and Grinstein, F. F.},
    title = {Flow control with noncircular jets},
    journal = {Annual Review of Fluid Mechanics},
    volume = {31},
    number = {1},
    pages = {239-272},
    year = {1999},
    doi = {10.1146/annurev.fluid.31.1.239}
}


@article{fric_roshko_1994, 
    title={Vortical structure in the wake of a transverse jet}, 
    volume={279}, 
    DOI={10.1017/S0022112094003800}, 
    journal={Journal of Fluid Mechanics}, 
    publisher={Cambridge University Press}, 
    author={Fric, T. F. and Roshko, A.}, 
    year={1994}, 
    pages={1–47}
}

@Article{Gevorkyan2016,
  author    = {L. Gevorkyan and T. Shoji and D. R. Getsinger and O. I. Smith and A. R. Karagozian},
  journal   = {Journal of Fluid Mechanics},
  title     = {Transverse jet mixing characteristics},
  year      = {2016},
  month     = {feb},
  pages     = {237--274},
  volume    = {790},
  doi       = {10.1017/jfm.2016.5},
  publisher = {Cambridge University Press ({CUP})},
}

@Article{Getsinger2014,
  author    = {D.~R. Getsinger and L. Gevorkyan and O.~I. Smith and A.~R. Karagozian},
  journal   = {Journal of Fluid Mechanics},
  title     = {Structural and stability characteristics of jets in crossflow},
  year      = {2014},
  month     = {nov},
  pages     = {342--367},
  volume    = {760},
  doi       = {10.1017/jfm.2014.605},
  publisher = {Cambridge University Press ({CUP})},
}

@Article{MCLOSKEY2002,
  author    = {R. T. M'Closkey and J. M. King and L. CortelezzI and A. R. Karagozian},
  journal   = {Journal of Fluid Mechanics},
  title     = {The actively controlled jet in crossflow},
  year      = {2002},
  month     = {feb},
  pages     = {325--335},
  volume    = {452},
  doi       = {10.1017/s0022112001006589},
  publisher = {Cambridge University Press ({CUP})},
}

@Article{Warsop2007,
  author    = {C. Warsop and M. Hucker and A.J. Press and P. Dawson},
  journal   = {Flow, Turbulence and Combustion},
  title     = {Pulsed Air-jet Actuators for Flow Separation Control},
  year      = {2007},
  month     = {feb},
  number    = {3-4},
  pages     = {255--281},
  volume    = {78},
  doi       = {10.1007/s10494-006-9060-4},
  publisher = {Springer Science and Business Media {LLC}},
}

@Article{Wu2018jet,
  author    = {Zhi Wu and Dewei Fan and Yu Zhou and Ruiying Li and Bernd R. Noack},
  journal   = {Experiments in Fluids},
  title     = {Jet mixing optimization using machine learning control},
  year      = {2018},
  month     = {jul},
  number    = {8},
  volume    = {59},
  doi       = {10.1007/s00348-018-2582-4},
  publisher = {Springer Science and Business Media {LLC}},
}

@Article{Yang2016,
  author    = {H. Yang and Y. Zhou},
  journal   = {Journal of Fluid Mechanics},
  title     = {Axisymmetric jet manipulated using two unsteady minijets},
  year      = {2016},
  month     = {nov},
  pages     = {362--396},
  volume    = {808},
  doi       = {10.1017/jfm.2016.634},
  publisher = {Cambridge University Press ({CUP})},
}

@Article{Yang2016a,
  author    = {H. Yang and Y. Zhou and R. M. C. So and Y. Liu},
  journal   = {Proceedings of the Royal Society A: Mathematical, Physical and Engineering Sciences},
  title     = {Turbulent jet manipulation using two unsteady azimuthally separated radial minijets},
  year      = {2016},
  month     = {jul},
  number    = {2191},
  pages     = {20160417},
  volume    = {472},
  doi       = {10.1098/rspa.2016.0417},
  publisher = {The Royal Society},
}

@Article{mcmahon1971vortex,
  author    = {McMahon, H. M. and Hester, D. D. and Palfery, J. G.},
  journal   = {Journal of Fluid Mechanics},
  title     = {Vortex shedding from a turbulent jet in a cross-wind},
  year      = {1971},
  number    = {1},
  pages     = {73--80},
  volume    = {48},
  doi       = {10.1017/S0022112071001472},
  publisher = {Cambridge University Press},
}

@Article{coletti2013,
  author  = {F. Coletti and M.J. Benson and J. Ling and C.J. Elkins and J.K. Eaton},
  journal = {International Journal of Heat and Fluid Flow},
  title   = {Turbulent transport in an inclined jet in crossflow},
  year    = {2013},
  issn    = {0142-727X},
  note    = {7th International Symposium on Turbulence Heat \& Mass Transfer (THMT-7), Palermo Conference on Modelling Fluid Flow (CMFF’12)},
  pages   = {149-160},
  volume  = {43},
  doi     = {10.1016/j.ijheatfluidflow.2013.06.001},
}

@Article{Astarita2006PIV,
    author={Astarita, T.},
    title={Analysis of interpolation schemes for image deformation methods in PIV: effect of noise on the accuracy and spatial resolution},
    journal={Experiments in Fluids},
    year={2006},
    month={Jun},
    day={01},
    volume={40},
    number={6},
    pages={977-987},
    issn={1432-1114},
    doi={10.1007/s00348-006-0139-4}
}

@Article{Astarita2007PIV,
    author={Astarita, T.},
    title={Analysis of weighting windows for image deformation methods in PIV},
    journal={Experiments in Fluids},
    year={2007},
    month={Dec},
    day={01},
    volume={43},
    number={6},
    pages={859-872},
    issn={1432-1114},
    doi={10.1007/s00348-007-0314-2}
}

@article{Mendez2017pod-piv,
    title = {POD-based background removal for particle image velocimetry},
    journal = {Experimental Thermal and Fluid Science},
    volume = {80},
    pages = {181-192},
    year = {2017},
    issn = {0894-1777},
    doi = {10.1016/j.expthermflusci.2016.08.021},
    author = {M.A. Mendez and M. Raiola and A. Masullo and S. Discetti and A. Ianiro and R. Theunissen and J.-M. Buchlin}
}

@article{Lienhard2020,
    author = {Lienhard V, J. H.},
    title = {{Heat Transfer in Flat-Plate Boundary Layers: A Correlation for Laminar, Transitional, and Turbulent Flow}},
    journal = {Journal of Heat Transfer},
    volume = {142},
    number = {6},
    year = {2020},
    month = {04},
    issn = {0022-1481},
    doi = {10.1115/1.4046795},
}

@Article{cowen1997hybrid,
  author    = {Cowen, EA and Monismith, SG},
  journal   = {Experiments in fluids},
  title     = {A hybrid digital particle tracking velocimetry technique},
  year      = {1997},
  number    = {3},
  pages     = {199--211},
  volume    = {22},
  doi       = {10.1007/s003480050038},
  publisher = {Springer},
}

@article{steinfurth2020quiescentslot, 
    title={Vortex rings produced by non-parallel planar starting jets}, 
    volume={903}, 
    DOI={10.1017/jfm.2020.637}, 
    journal={Journal of Fluid Mechanics}, 
    publisher={Cambridge University Press}, 
    author = {Steinfurth, B. and Weiss, J.},
    year={2020},
    pages={A16}
}

@article{steinfurth2021CFslot, 
    title={Velocity ratio effect on flow structures of non-parallel planar starting jets in cross-flow}, 
    volume={915}, 
    DOI={10.1017/jfm.2021.40}, 
    journal={Journal of Fluid Mechanics}, 
    publisher={Cambridge University Press}, 
    author = {Steinfurth, B. and Weiss, J.},
    year={2021}, pages={A11}
}

@article{Steinfurth2021pulsedjet,
    author = {Steinfurth, B. and Weiss, J.},
    title = {Boundary-Layer Control by Means of Pulsed Jets at Different Inclination Angles},
    journal = {AIAA Journal},
    volume = {59},
    number = {10},
    pages = {3946-3959},
    year = {2021},
    doi = {10.2514/1.J060474}
}

@article{azevedo1994pulsed,
  title={Pulsed air jet impingement heat transfer},
  author={Azevedo, LFA and Webb, BW and Queiroz, M},
  journal={Experimental Thermal and Fluid Science},
  volume={8},
  number={3},
  pages={206--213},
  year={1994},
  publisher={Elsevier}
}

@article{xu2010turbulent,
  title={Turbulent impinging jet heat transfer enhancement due to intermittent pulsation},
  author={Xu, Peng and Yu, Boming and Qiu, Shuxia and Poh, Hee Joo and Mujumdar, Arun S},
  journal={International Journal of Thermal Sciences},
  volume={49},
  number={7},
  pages={1247--1252},
  year={2010},
  publisher={Elsevier}
}

@article{muldoon2009dns,
  title={DNS study of pulsed film cooling for enhanced cooling effectiveness},
  author={Muldoon, Frank and Acharya, Sumanta},
  journal={International Journal of Heat and Mass Transfer},
  volume={52},
  number={13-14},
  pages={3118--3127},
  year={2009},
  publisher={Elsevier}
}

@article{coulthard2007effect1,
    author = {Coulthard, S. M. and Volino, R. J. and Flack, K. A.},
    title = "{Effect of Jet Pulsing on Film Cooling—Part I: Effectiveness and Flow-Field Temperature Results}",
    journal = {Journal of Turbomachinery},
    volume = {129},
    number = {2},
    pages = {232-246},
    year = {2006},
    month = {05},
    issn = {0889-504X},
    doi = {10.1115/1.2437231},
}

@article{coulthard2007effect2,
    author = {Coulthard, S. M. and Volino, R. J. and Flack, K. A.},
    title = "{Effect of Jet Pulsing on Film Cooling—Part II: Heat Transfer Results}",
    journal = {Journal of Turbomachinery},
    volume = {129},
    number = {2},
    pages = {247-257},
    year = {2006},
    month = {05},
    issn = {0889-504X},
    doi = {10.1115/1.2437230}
}

@article{megerian2007transverse,
  title={Transverse-jet shear-layer instabilities. Part 1. Experimental studies},
  author={Megerian, S and Davitian, J and Alves, LS de B and Karagozian, AR},
  journal={Journal of fluid Mechanics},
  volume={593},
  pages={93--129},
  year={2007},
  publisher={Cambridge University Press}
}

@article{kelso1995horseshoe,
  title={Horseshoe vortex systems resulting from the interaction between a laminar boundary layer and a transverse jet},
  author={Kelso, RM and Smits, AJ},
  journal={Physics of Fluids},
  volume={7},
  number={1},
  pages={153--158},
  year={1995},
  publisher={American Institute of Physics}
}

@article{Mahesh2013revJICF,
    author = {Mahesh, K.},
    title = {The Interaction of Jets with Crossflow},
    journal = {Annual Review of Fluid Mechanics},
    volume = {45},
    number = {1},
    pages = {379-407},
    year = {2013},
    doi = {10.1146/annurev-fluid-120710-101115}
}

@article{Karagozian2014revJICF,
    author = {Karagozian, A. R.},
    title = {The jet in crossflow},
    journal = {Physics of Fluids},
    volume = {26},
    number = {10},
    pages = {101303},
    year = {2014},
    doi = {10.1063/1.4895900}
}

@Article{Ren2021pof,
  author  = {Ren, F. and Rabault, J. and Tang, H.},
  title   = {Applying deep reinforcement learning to active flow control in weakly turbulent conditions},
  doi     = {10.1063/5.0037371},
  number  = {3},
  volume  = {33},
  journal = {Physics of Fluids},
  year    = {2021},
}

@Article{Tang2020pof,
  author  = {Ren, F. and Rabault, J. and Tang, H.},
  title   = {{Robust active flow control over a range of Reynolds numbers using an artificial neural network trained through deep reinforcement learning}},
  doi     = {10.1063/5.0006492},
  number  = {5},
  pages   = {053605},
  volume  = {32},
  journal = {Physics of Fluids},
  year    = {2020},
}

@Article{Xu2020joh,
  author  = {Xu, H. and Zhang, W. and Deng, J. and Rabault, J.},
  title   = {Active flow control with rotating cylinders by an artificial neural network trained by deep reinforcement learning},
  doi     = {10.1007/s42241-020-0027-z},
  number  = {2},
  pages   = {254–258},
  volume  = {32},
  journal = {Journal of Hydrodynamics},
  year    = {2020},
}

@Article{Tartakovsky2020wrr,
  author  = {Tartakovsky, A. M. and Marrero, C. O. and Perdikaris, P. and Tartakovsky, G. D. and Barajas Solano, D.},
  title   = {Physics-informed deep neural networks for learning parameters and constitutive relationships in subsurface flow problems},
  doi     = {10.1029/2019WR026731},
  number  = {5},
  volume  = {56},
  journal = {Water Resources Research},
  year    = {2020},
}

@Article{Raissi2018jfm,
  author  = {Raissi, M. and Wang, Z. and Triantafyllou, M. S. and Karniadakis, G. E.},
  title   = {Deep learning of vortex-induced vibrations},
  doi     = {10.1017/jfm.2018.872},
  pages   = {119–137},
  volume  = {861},
  journal = {Journal of Fluid Mechanics},
  year    = {2018},
}


@Article{Raissi2019prf,
  author  = {Raissi, M. and Babaee, H. and Givi, P.},
  title   = {Deep learning of turbulent scalar mixing},
  doi     = {10.1103/PhysRevFluids.4.124501},
  number  = {12},
  volume  = {4},
  journal = {Physical Review Fluids},
  year    = {2019},
}

% Other machine learning methodologies (MLC)

@book{banzhaf1998genetic,
  title={Genetic programming: an introduction: on the automatic evolution of computer programs and its applications},
  author={Banzhaf, W. and Nordin, P. and Keller, R. E. and Francone, K. D.},
  year={1998},
  publisher={Morgan Kaufmann Publishers Inc.},
  isbn = {155860510X}
}

@Article{Deng2020jfm,
  author  = {Deng, N. and Noack, B. R. and Morzynski, M. and Pastur, L. R.},
  title   = {Low-order model for successive bifurcations of the fluidic pinball.},
  number  = {A37},
  volume  = {884},
  journal = {Journal of Fluid Mechanics},
  year    = {2020},
}

@Article{Chen2020jfm,
  author  = {Chen, W. and Ji, C. and Alam, Md M. and Williams, J. and Xu, D.},
  title   = {Numerical simulations of f low past three circular cylinders in equilateral-triangular arrangements.},
  doi     = {10.1017/jfm.2020.124},
  pages   = {1-44},
  volume  = {891},
  journal = {Journal of Fluid Mechanics},
  year    = {2020},
}


@Article{Fernex2020jfm,
  author  = {Fernex, D. and Semann, R. and Albers, M. and Meysonnat, P. S and Schroder, W. and Noack, B. R.},
  title   = {Self-similar drag reduction formula from sparse data—Optimization of turbulent skin-friction via spanwise travelling surface waves},
  number  = {7},
  pages   = {073901:1–18},
  volume  = {5},
  journal = {Physics Reviews Fluids},
  year    = {2020},
}

@Article{Ren2020jh,
  author  = {Ren, F. and Hu, H.-B. and Tang, H.},
  title   = {Active flow control using machine learning: A brief review},
  doi     = {10.1007/s42241-020-0026-0},
  number  = {2},
  pages   = {247-253},
  volume  = {32},
  journal = {Physics Reviews Fluids},
  year    = {2020},
}


@Article{li2019prf,
  author  = {Li, R. and Boree, J. and Noack, B. R. and Cordier, L. and Harambat, F.},
  title   = {Drag reduction mechanisms of a car model at moderate yaw by bi-frequency forcing},
  doi     = {10.1103/PhysRevFluids.4.034604},
  number  = {3},
  pages   = {034604},
  volume  = {4},
  journal = {Physics Reviews Fluids},
  year    = {2019},
}

@Article{raibaudo2019pof,
    author = {Raibaudo, C. and Zhong, P. and Noack, B. R. and Martinuzzi, R. J.},
    title = {Machine learning strategies applied to the control of a fluidic pinball},
    journal = {Physics of Fluids},
    volume = {32},
    number = {1},
    pages = {015108},
    year = {2020},
    doi = {10.1063/1.5127202}
}

%%

@Article{foroozan2021unsupervised,
  author    = {Foroozan, F and Guerrero, V and Ianiro, A and Discetti, S},
  title     = {Unsupervised modelling of a transitional boundary layer},
  doi       = {10.1017/jfm.2021.829},
  volume    = {929},
  journal   = {Journal of Fluid Mechanics},
  publisher = {Cambridge University Press},
  year      = {2021},
}

@Article{Nair2019jfm,
  author  = {Nair, A. and Yeh, C.-A. and Kaiser, E. and Noack, B.~R. and Brunton, S.~L. and Tiara, K.},
  title   = {Cluster-based feedback control of turbulent post-stall separated flows},
  doi     = {10.1017/jfm.2019.469},
  pages   = {345--375},
  volume  = {875},
  journal = {Journal of Fluid Mechanics},
  year    = {2019},
}

@ARTICLE{Blanchard2022ams,
     AUTHOR = {Blanchard, A. and
               Cornejo Maceda, G.~Y. and
               Fan, D. and
               Li, Y.~Q. and
               Zhou, Y. and
               Noack, B.~R. and
               Sapsis, T.},
     YEAR   = 2022,
     TITLE  = {Bayesian optimization of active flow control},
     JOURNAL= {Acta Mechanica Sinica},
     VOLUME = {(online)},
     URL={https://doi.org/10.1007/s10409-021-01149-0}}

         
@PHDTHESIS{cornejomacedaPhD,
     AUTHOR = {Cornejo Maceda, G.~Y.},
     YEAR   = 2021,
     TITLE  = {Gradient-enriched machine learning control exemplified for
					shear flows in simulations and
					experiments},
     SCHOOL = {Universit\'e Paris-Saclay}
}

@Article{fransson2006delay,
  author   = {Fransson, J. H. M. and Talamelli, A. and Brandt, L. and Cossu, C.},
  journal  = {{Physical Review Letters}},
  title    = {Delaying {Transition} to {Turbulence} by a {Passive} {Mechanism}},
  year     = {2006},
  issn     = {0031-9007, 1079-7114},
  number   = {6},
  pages    = {064501},
  volume   = {96},
  doi      = {10.1103/PhysRevLett.96.064501}
}

@article{Bearman1993dimples,
    author = {Bearman, P. W. and Harvey, J. K.},
    title = {Control of circular cylinder flow by the use of dimples},
    journal = {AIAA Journal},
    volume = {31},
    number = {10},
    pages = {1753-1756},
    year = {1993},
    doi = {10.2514/3.11844}
}

@article{Ozono1999splitter,
    author = {Ozono,S.},
    title = {Flow control of vortex shedding by a short splitter plate asymmetrically arranged downstream of a cylinder},
    journal = {Physics of Fluids},
    volume = {11},
    number = {10},
    pages = {2928-2934},
    year = {1999},
    doi = {10.1063/1.870151}
}

@article{Shahinfar2012_delay,
  title = {{Revival of Classical Vortex Generators Now for Transition Delay}},
  author = {Shahinfar, S. and Sattarzadeh, S. S. and Fransson, J. H. M. and Talamelli, A.},
  journal  = {{Physical Review Letters}},
  volume = {109},
  issue = {7},
  pages = {5},
  year = {2012},
  publisher = {American Physical Society},
  doi = {10.1103/PhysRevLett.109.074501}
}

@Inbook{Williams1989,
    author={Williams, D. R. and Amato, C. W.},
    editor={Gad-el-Hak, Mohamed},
    title={Unsteady Pulsing of Cylinder Wakes},
    bookTitle={Frontiers in Experimental Fluid Mechanics},
    year={1989},
    publisher={Springer Berlin Heidelberg},
    address={Berlin, Heidelberg},
    pages={337--364},
    isbn={978-3-642-83831-6},
    doi={10.1007/978-3-642-83831-6_7}
}

@Article{glezer2011control,
  author   = {Glezer, A.},
  journal  = {{Philosophical Transactions of the Royal Society A: Mathematical, Physical and Engineering Sciences}},
  title    = {Some aspects of aerodynamic flow control using synthetic-jet actuation},
  year     = {2011},
  issn     = {1364-503X, 1471-2962},
  number   = {1940},
  pages    = {1476--1494},
  volume   = {369},
  doi      = {10.1098/rsta.2010.0374}
}

@Article{cheng2003shedding,
  author   = {Cheng, L. and Zhou, Y. and Zhang, M. M.},
  journal  = {Journal of Fluids and Structures},
  title    = {Perturbed interaction between vortex shedding and induced vibration},
  year     = {2003},
  issn     = {08899746},
  number   = {7},
  pages    = {887--901},
  volume   = {17},
  doi      = {10.1016/S0889-9746(03)00042-2}
}

@article{semaan2016coanda,
	title = {Reduced-order modelling of the flow around a high-lift configuration with unsteady {Coanda} blowing},
	volume = {800},
	issn = {0022-1120, 1469-7645},
	doi = {10.1017/jfm.2016.380},
	journal = {Journal of Fluid Mechanics},
	author = {Semaan, R. and Kumar, P. and Burnazzi, M. and Tissot, G. and Cordier, L. and Noack, B. R.},
	year = {2016},
	pages = {72--110}
}

@Book{duriez2017book,
  author    = {Duriez, T. and Brunton, S. L. and Noack, B. R.},
  publisher = {Springer International Publishing},
  title     = {Machine {Learning} {Control} – {Taming} {Nonlinear} {Dynamics} and {Turbulence}},
  year      = {2017},
  isbn      = {978-3-319-40623-7 978-3-319-40624-4},
  series    = {Fluid {Mechanics} and {Its} {Applications}},
  volume    = {116},
  doi       = {10.1007/978-3-319-40624-4}
}

@Book{gadelhak2000FC,
  author     = {{Gad-el-Hak}, M.},
  publisher  = {Cambridge University Press},
  title      = {Flow control: passive, active, and reactive flow management},
  year       = {2000},
  address    = {Cambridge ; New York},
  isbn       = {978-0-521-77006-4}
}

@Article{rabault2019DRL,
  author   = {Rabault, J. and Kuhnle, A.},
  journal  = {Physics of Fluids},
  title    = {Accelerating Deep Reinforcement Learning strategies of Flow Control through a multi-environment approach},
  year     = {2019},
  issn     = {1070-6631, 1089-7666},
  number   = {9},
  pages    = {094--105},
  volume   = {31},
  doi      = {10.1063/1.5116415},
  publisher={AIP Publishing LLC}
}

@Article{Debien2016,
  author={Debien, A. and von Krbek, K. A. F. F. and Mazellier, N. and Duriez, T. and Cordier, L. and Noack, B. R. and Abel, M. W. and Kourta, A.},
    title={Closed-loop separation control over a sharp edge ramp using genetic programming},
    journal={Experiments in Fluids},
    year={2016},
    volume={57},
    number={3},
    pages={40},
    issn={1432-1114},
    doi={10.1007/s00348-016-2126-8}
}

@Article{Silver2016go,
  author  = {D. Silver and A. Huang and C. J. Maddison and A. Guez and L. Sifre and G. van den Driessche and J. Schrittwieser and I. Antonoglou and V. Panneershelvam and M. Lanctot and S. Dieleman and D. Grewe and J. Nham and N. Kalchbrenner and I. Sutskever and T. Lillicrap and M. Leach and K. Kavukcuoglu and T. Graepel and D. Hassabis},
  title   = {Mastering the game of go with deep neural networks and tree search},
  doi     = {10.1038/nature16961},
  pages   = {484-489},
  volume  = {529},
  journal = {Nature},
  year    = {2016},
  number={7587},
}

@Article{silver_general_2018,
  author    = {Silver, David and Hubert, Thomas and Schrittwieser, Julian and Antonoglou, Ioannis and Lai, Matthew and Guez, Arthur and Lanctot, Marc and Sifre, Laurent and Kumaran, Dharshan and Graepel, Thore},
  title     = {A general reinforcement learning algorithm that masters chess, shogi, and {Go} through self-play},
  doi       = {10.1126/science.aar6404},
  number    = {6419},
  pages     = {1140--1144},
  volume    = {362},
  journal   = {Science},
  publisher = {American Association for the Advancement of Science},
  year      = {2018},
}

@InBook{Szita2012games,
  author    = {Szita, Istv{\'a}n},
  booktitle = {Reinforcement Learning: State-of-the-Art},
  title     = {Reinforcement Learning in Games},
  doi       = {10.1007/978-3-642-27645-3_17},
  editor    = {Wiering, Marco and van Otterlo, Martijn},
  isbn      = {978-3-642-27645-3},
  pages     = {539--577},
  publisher = {Springer Berlin Heidelberg},
  address   = {Berlin, Heidelberg},
  year      = {2012},
}

@book{sutton2018reinforcement,
  title={Reinforcement learning: An introduction},
  author={Sutton, Richard S and Barto, Andrew G},
  year={2018},
  publisher={MIT press}
}

@Article{Kober2014robotics,
  author  = {J. Kober and J. Peters},
  title   = {Reinforcement learning in robotics: A survey},
  doi     = {10.1177/0278364913495721},
  pages   = {9-67},
  journal = {Springer Tracts in Advanced Robotics},
  year    = {2014},
}

@Article{gazzola2014RL,
  author    = {Gazzola, M. and Hejazialhosseini, B. and Koumoutsakos, P.},
  title     = {Reinforcement learning and wavelet adapted vortex methods for simulations of self-propelled swimmers},
  doi       = {10.1137/130943078},
  number    = {3},
  pages     = {B622-B639},
  volume    = {36},
  journal   = {SIAM Journal on Scientific Computing},
  publisher = {SIAM},
  year      = {2014},
}

@InProceedings{bohn2019DRL,
  author    = {Bøhn, E. and Coates, E. M. and Moe, S. and Johansen, T. A.},
  booktitle = {2019 {International} {Conference} on {Unmanned} {Aircraft} {Systems} ({ICUAS})},
  title     = {Deep reinforcement learning attitude control of fixed-wing uavs using proximal policy optimization},
  doi       = {10.1109/ICUAS.2019.8798254},
  pages     = {523-533},
  publisher = {IEEE},
  year      = {2019},
}

@Article{reddy_learning_2016,
  author    = {Reddy, G. and Celani, A. and Sejnowski, T. J. and Vergassola, M.},
  title     = {Learning to soar in turbulent environments},
  doi       = {10.1073/pnas.1606075113},
  number    = {33},
  pages     = {E4877-E4884},
  volume    = {113},
  journal   = {Proceedings of the National Academy of Sciences},
  publisher = {National Acad Sciences},
  year      = {2016},
}

@InBook{Pivot2017,
  author    = {Charles Pivot and Laurent Cordier and Lionel Mathelin},
  booktitle = {35th AIAA Applied Aerodynamics Conference},
  title     = {A continuous reinforcement learning strategy for closed-loop control in fluid dynamics},
  doi       = {10.2514/6.2017-3566},
}

@Article{Fan2020,
  author  = {D. Fan and L. Yang and Z. Wang and M. S. Triantafyllou and G. E. Karniadakis},
  title   = {Reinforcement learning for bluff body active flow control in experiments and simulations},
  doi     = {10.1073/pnas.2004939117},
  volume  = {117},
  journal = {Proceedings of the National Academy of Sciences},
  year    = {2020},
}

@Article{Bucci2019,
  author  = {M. A. Bucci and O. Semeraro and A. Allauzen and G. Wisniewski and L. Cordier and L. Mathelin},
  title   = {Control of chaotic systems by deep reinforcement learning},
  doi     = {10.1098/rspa.2019.0351},
  volume  = {475},
  journal = {Proceedings of the Royal Society},
  year    = {2019},
}

@Article{Belus2019,
  author  = {Belus, V. and Rabault, J. and Viquerat, J. and Che, Z. and Hachem, E. and Reglade, U.},
  title   = {Exploiting locality and physical invariants to design effective Deep Reinforcement Learning control of the unstable falling liquid film},
  doi     = {10.48550/arXiv.1910.07788},
  journal = {arXiv preprint arXiv:1910.07788},
  year    = {2019},
}

@Article{schulman_proximal_2017,
  author = {Schulman, J. and Wolski, F. and Dhariwal, P. and Radford, A. and Klimov, O.},
  title     = {{Proximal Policy Optimization Algorithms}},
  journal   = {CoRR},
  volume    = {abs/1707.06347},
  year      = {2017},
  doi    = {10.48550/arXiv.1707.06347},
  eprinttype = {arXiv},
  eprint    = {1707.06347},
  timestamp = {Mon, 13 Aug 2018 16:47:34 +0200},
  biburl    = {https://dblp.org/rec/journals/corr/SchulmanWDRK17.bib},
  bibsource = {dblp computer science bibliography, https://dblp.org}
}

@article{schulman_trust_2017,
  author    = {J. Schulman and S. Levine and P. Moritz and M. I. Jordan and P. Abbeel},
  title     = {{Trust Region Policy Optimization}},
  journal   = {CoRR},
  doi       = {10.48550/arXiv.1502.05477},
  volume    = {abs/1502.05477},
  year      = {2015},
  eprinttype = {arXiv},
  eprint    = {1502.05477},
  timestamp = {Mon, 13 Aug 2018 16:48:08 +0200},
  bibsource = {dblp computer science bibliography, https://dblp.org}
}

@Article{mnih2015DRL,
  author   = {Mnih, V. and Kavukcuoglu, K. and Silver, D. and Rusu, A. A. and Veness, J. and Bellemare, M. G. and Graves, A. and Riedmiller, M. and Fidjeland, A. K. and Ostrovski, G. and Petersen, S. and Beattie, C. and Sadik, A. and Antonoglou, I. and King, H. and Kumaran, D. and Wierstra, D. and Legg, S. and Hassabis, D.},
  journal  = {Nature},
  title    = {Human-level control through deep reinforcement learning},
  year     = {2015},
  issn     = {0028-0836, 1476-4687},
  number   = {7540},
  pages    = {529--533},
  volume   = {518},
  doi      = {10.1038/nature14236}
}

@Article{gu2016Qlearn,
  author  = {Gu, S. and Lillicrap, T. and Sutskever, I. and Levine, S.},
  title   = {Continuous {Deep} {Q}-{Learning} with {Model}-based {Acceleration}},
  doi     = {10.48550/arXiv.1603.00748},
  note    = {arXiv: 1603.00748v1},
  journal = {arXiv:1603.00748 [cs]},
  year    = {2016},
}

@InCollection{schafer_benchmark_1996,
  author    = {Sch\"afer, M. and Turek, S. and Durst, F. and Krause, E. and Rannacher, R.},
  booktitle = {Flow simulation with high-performance computers {II}},
  title     = {Benchmark computations of laminar flow around a cylinder},
  doi       = {10.1007/978-3-322-89849-4_39},
  pages     = {547--566},
  publisher = {Springer},
  year      = {1996},
}

@Book{logg2012book,
  author     = {Logg, A. and Mardal, K. A. and Wells, G.},
  publisher  = {Springer Science \& Business Media},
  title      = {Automated solution of differential equations by the finite element method: {The} {FEniCS} book},
  year       = {2012},
  volume     = {84}
}

@Article{geuzaine2009gmsh,
  author    = {Geuzaine, C. and Remacle, J.F.},
  title     = {Gmsh: {A} 3-{D} finite element mesh generator with built-in pre-and post-processing facilities},
  doi       = {10.1002/nme.2579},
  number    = {11},
  pages     = {1309--1331},
  volume    = {79},
  journal   = {International journal for numerical methods in engineering},
  publisher = {Wiley Online Library},
  year      = {2009},
}

@Article{LeCun2015,
    author={LeCun, Y. and Bengio, Y. and Hinton, G.},
    title={Deep learning},
    journal={Nature},
    year={2015},
    day={01},
    volume={521},
    number={7553},
    pages={436-444},
    issn={1476-4687},
    doi={10.1038/nature14539}
}

@book{Goodfellow2016book,
    title={Deep Learning},
    author={Ian Goodfellow and Yoshua Bengio and Aaron Courville},
    publisher={MIT Press},
    year={2016}
}

@article{Fernex2021,
    author = {Fernex, D. and Noack, B.~N. and Semaan, R.},
    title = {Cluster-based network modeling---From snapshots to complex dynamical systems},
    journal = {Science Advances},
    volume = {7},
    number = {25},
    year = {2021},
    doi = {10.1126/sciadv.abf5006}
}

@article{LiH2021jfm,
	title={Cluster-based network model of an incompressible mixing layer},
	volume={906}, 
	doi={10.1017/jfm.2020.785},
	journal={J. Fluid Mech.},
	publisher={Cambridge University Press},
	author={Li, H. and Fernex, D. and Semaan, R. and Tan, J. and Morzy\'{n}ski, M. and Noack, B. R.},
	year={2021}
}

@INPROCEEDINGS{Kaiser2017ifac,
    AUTHOR = {Kaiser, E. and Li, R. and Noack, B.~R.},
    YEAR   = {2017},
    TITLE  = {On the control landscape topology},
    BOOKTITLE = {The 20th World Congress of the International Federation of Automatic Control (IFAC)},
    ADDRESS= {Toulouse, France},
    PAGES  = {1--4}
}

@ARTICLE{LiA2022jfm,
    AUTHOR = {Li, Y. and Cui, W. and Jia, Q. and Li, Q. and Yang, Z. and Morzy\'nski, M. and Noack, B.~R.},
    YEAR   = 2022,
    TITLE  = {Explorative gradient method for active drag reduction of the fluidic pinball and slanted Ahmed body},
    JOURNAL= {Journal of Fluid Mechanics},
    VOLUME={932},
    doi={10.1017/jfm.2021.974},
    publisher={Cambridge University Press}
}

%% Plasma:
@book{fridman2008plasma, 
    place={Cambridge},
    title={Plasma Chemistry}, 
    DOI={10.1017/CBO9780511546075}, 
    publisher={Cambridge University Press}, 
    author={Fridman, A.},
    year={2008}
}

@article{Langmuir1928plasma,
    author = {I. Langmuir},
    title = {Oscillations in Ionized Gases},
    journal = {Proceedings of the National Academy of Sciences},
    volume = {14},
    number = {8},
    pages = {627-637},
    year = {1928},
    doi = {10.1073/pnas.14.8.627}
}

@Inbook{Yamamoto2007plasma,
    author="Yamamoto, T. and Okubo, M.",
    editor="Wang, L. K. and Hung, Y.-T. and Shammas, N. K.",
    title="Nonthermal Plasma Technology",
    bookTitle="Advanced Physicochemical Treatment Technologies",
    year="2007",
    publisher="Humana Press",
    address="Totowa, NJ",
    pages="135--293",
    isbn="978-1-59745-173-4",
    doi="10.1007/978-1-59745-173-4_4",
}

@ARTICLE{Kogelschatz2002filamentary,
  author={Kogelschatz, U.},
  journal={IEEE Transactions on Plasma Science}, 
  title={Filamentary, patterned, and diffuse barrier discharges}, 
  year={2002},
  volume={30},
  number={4},
  pages={1400-1408},
  doi={10.1109/TPS.2002.804201}
}

@ARTICLE{Laroussi2002resistive,
  author={Laroussi, M. and Alexeff, I. and Richardson, J.P. and Dyer, F.F.},
  journal={IEEE Transactions on Plasma Science}, 
  title={The resistive barrier discharge}, 
  year={2002},
  volume={30},
  number={1},
  pages={158-159},
  doi={10.1109/TPS.2002.1003972}
}

@article{Correale2014nanoplasma,
	doi = {10.1088/0022-3727/47/10/105201},
	year = 2014,
	month = {feb},
	publisher = {{IOP} Publishing},
	volume = {47},
	number = {10},
	pages = {105201},
	author = {G. Correale and T Michelis and D. Ragni and M. Kotsonis and F. Scarano},
	title = {Nanosecond-pulsed plasma actuation in quiescent air and laminar boundary layer},
	journal = {Journal of Physics D: Applied Physics},
}

@article{Starikovskii2009sdbd,
	doi = {10.1088/0963-0252/18/3/034015},
	year = 2009,
	month = {jul},
	publisher = {{IOP} Publishing},
	volume = {18},
	number = {3},
	pages = {034015},
	author = {A. Y. Starikovskii and A. A. Nikipelov and M. M. Nudnova and D. V. Roupassov},
	title = {{SDBD} plasma actuator with nanosecond pulse-periodic discharge},
	journal = {Plasma Sources Science and Technology},
}

@Article{Little2010airfoilplasma,
    author={Little, J. and Nishihara, M. and Adamovich, I. and Samimy, M.},
    title={High-lift airfoil trailing edge separation control using a single dielectric barrier discharge plasma actuator},
    journal={Experiments in Fluids},
    year={2010},
    month={Mar},
    day={01},
    volume={48},
    number={3},
    pages={521-537},
    issn={1432-1114},
    doi={10.1007/s00348-009-0755-x}
}

@article{Michelis2015track,
    author = {Michelis, T. and Kotsonis, M.},
    title = "{Flow Control on a Transport Truck Side Mirror Using Plasma Actuators}",
    journal = {Journal of Fluids Engineering},
    volume = {137},
    number = {11},
    year = {2015},
    month = {07},
    issn = {0098-2202},
    doi = {10.1115/1.4030724},
    note = {111103},
}

@Article{Grundmann2008cancelTS,
    author={Grundmann, S. and Tropea, C.},
    title={{Active cancellation of artificially introduced Tollmien--Schlichting waves using plasma actuators}},
    journal={Experiments in Fluids},
    year={2008},
    month={May},
    day={01},
    volume={44},
    number={5},
    pages={795-806},
    issn={1432-1114},
    doi={10.1007/s00348-007-0436-6}
}

@inbook{Serpieri2016sweptwing,
    author = {J. Serpieri and M. Kotsonis},
    title = {Spatio-temporal characteristics of secondary instabilities in swept wing boundary layers},
    booktitle = {46th AIAA Fluid Dynamics Conference},
    chapter = {},
    pages = {},
    doi = {10.2514/6.2016-3792},
    year = {2016}
}

@Article{Yarusevych2017bubble,
    author={Yarusevych, S. and Kotsonis, M.},
    title={{Effect of Local DBD Plasma Actuation on Transition in a Laminar Separation Bubble}},
    journal={Flow, Turbulence and Combustion},
    year={2017},
    month={Jan},
    day={01},
    volume={98},
    number={1},
    pages={195-216},
    issn={1573-1987},
    doi={10.1007/s10494-016-9738-1}
}

@article{Kotsonis2011bodyforce,
	doi = {10.1088/0022-3727/44/4/045204},
	year = 2011,
	month = {jan},
	publisher = {{IOP} Publishing},
	volume = {44},
	number = {4},
	pages = {045204},
	author = {M. Kotsonis and S. Ghaemi and L. Veldhuis and F. Scarano},
	title = {Measurement of the body force field of plasma actuators},
	journal = {Journal of Physics D: Applied Physics},
}

@article{Correale2016efficiency,
	doi = {10.1088/0022-3727/49/50/505201},
	year = 2016,
	month = {nov},
	publisher = {{IOP} Publishing},
	volume = {49},
	number = {50},
	pages = {505201},
	author = {G. Correale and F. Avallone and A. Y. Starikovskiy},
	title = {Experimental method to quantify the efficiency of the first two operational stages of nanosecond dielectric barrier discharge plasma actuators},
	journal = {Journal of Physics D: Applied Physics}
}

@ARTICLE{Kunhardt1980breakdown,
  author={Kunhardt, E. E.},
  journal={IEEE Transactions on Plasma Science}, 
  title={Electrical Breakdown of Gases: The Prebreakdown Stage}, 
  year={1980},
  volume={8},
  number={3},
  pages={130-138},
  doi={10.1109/TPS.1980.4317289}
}

@book{kunhardt1983electrical,
  title={{Electrical breakdown and discharges in gases: part A fundamental processes and breakdown}},
  author={Kunhardt, E. E. and Luessen, L. H.},
  volume={89},
  year={1983},
  publisher={Springer New York},
  doi = {10.1007/978-1-4684-4409-4}
}

@inbook{Roth1998dbd,
    author = {J. Roth and D. Sherman and S. Wilkinson},
    title = {Boundary layer flow control with a one atmosphere uniform glow discharge surface plasma},
    booktitle = {36th AIAA Aerospace Sciences Meeting and Exhibit},
    doi = {10.2514/6.1998-328},
    year = {1998}
}

@INPROCEEDINGS{Leger2001corona,
  author={Leger, L. and Moreau, E. and Touchard, G.},
  booktitle={Conference Record of the 2001 IEEE Industry Applications Conference. 36th IAS Annual Meeting (Cat. No.01CH37248)}, 
  title={Control of low velocity airflow along a flat plate with a DC electrical discharge}, 
  year={2001},
  volume={3},
  number={},
  pages={1536-1543 vol.3},
  doi={10.1109/IAS.2001.955739}
}

@article{Roupassov2009nsplasma,
    author = {Roupassov, D. V. and Nikipelov, A. A. and Nudnova, M. M. and Starikovskii, A. Yu.},
    title = {Flow Separation Control by Plasma Actuator with Nanosecond Pulsed-Periodic Discharge},
    journal = {{AIAA Journal}},
    volume = {47},
    number = {1},
    pages = {168-185},
    year = {2009},
    doi = {10.2514/1.38113}
}

@Article{Samimy2004arcfilament,
    author={Samimy, M. and Adamovich, I. and Webb, B. and Kastner, J. and Hileman, J. and Keshav, S. and Palm, P.},
    title={Development and characterization of plasma actuators for high-speed jet control},
    journal={Experiments in Fluids},
    year={2004},
    month={Oct},
    day={01},
    volume={37},
    number={4},
    pages={577-588},
    issn={1432-1114},
    doi={10.1007/s00348-004-0854-7}
}

@ARTICLE{Eliasson1991streamers,
  author={Eliasson, B. and Kogelschatz, U.},
  journal={IEEE Transactions on Plasma Science}, 
  title={Nonequilibrium volume plasma chemical processing}, 
  year={1991},
  volume={19},
  number={6},
  pages={1063-1077},
  doi={10.1109/27.125031}
}

@phdthesis{michelis2017boundary,
  title={Boundary layer separation: Diagnostics and control},
  author={Michelis, T.},
  year={2017},
  school={Delft University of Technology},
  doi = {10.4233/uuid:f5ecca35-71f6-4c99-92e8-a3004113fa53}
}

@book{Bradshaw1971turbulence,
title = {An Introduction to Turbulence and its Measurement},
editor = {P. Bradshaw},
publisher = {Pergamon},
year = {1971},
series = {Thermodynamics and Fluid Mechanics Series},
isbn = {978-0-08-016621-6},
doi = {10.1016/B978-0-08-016621-6.50008-5},
number = {}
}

% RL:
@misc{Viquerat2021RLrev,
  doi = {10.48550/ARXIV.2107.12206},
  author = {Viquerat, J. and Meliga, P. and Hachem, E.},
  title = {A review on deep reinforcement learning for fluid mechanics: an update},
  publisher = {arXiv},
  year = {2021},
  copyright = {arXiv.org perpetual, non-exclusive license}
}

@article{Garnier2021RLrev,
    title = {A review on deep reinforcement learning for fluid mechanics},
    journal = {Computers \& Fluids},
    volume = {225},
    pages = {104973},
    year = {2021},
    issn = {0045-7930},
    doi = {https://doi.org/10.1016/j.compfluid.2021.104973},
    author = {P. Garnier and J. Viquerat and J. Rabault and A. Larcher and A. Kuhnle and E. Hachem},
}

@article{Cattafesta2011revFC,
    author = {Cattafesta, L. N. and Sheplak, M.},
    title = {Actuators for Active Flow Control},
    journal = {Annual Review of Fluid Mechanics},
    volume = {43},
    number = {1},
    pages = {247-272},
    year = {2011},
    doi = {10.1146/annurev-fluid-122109-160634}
}

@article{Fisk1967reg,
    author = {Fisk, P. R.},
    title = {Models of the Second Kind in Regression Analysis},
    journal = {Journal of the Royal Statistical Society: Series B (Methodological)},
    volume = {29},
    number = {2},
    pages = {266-281},
    doi = {10.1111/j.2517-6161.1967.tb00695.x},
    year = {1967}
}

@Article{Williams1992ML,
    author={Williams, R. J.},
    title={Simple statistical gradient-following algorithms for connectionist reinforcement learning},
    journal={Machine Learning},
    year={1992},
    month={May},
    day={01},
    volume={8},
    number={3},
    pages={229-256},
    issn={1573-0565},
    doi={10.1007/BF00992696},
}

@article{Hornik1989MLP,
    title = {Multilayer feedforward networks are universal approximators},
    journal = {Neural Networks},
    volume = {2},
    number = {5},
    pages = {359-366},
    year = {1989},
    issn = {0893-6080},
    doi = {10.1016/0893-6080(89)90020-8},
    author = {K. Hornik and M. Stinchcombe and H. White},
}

@article{Siegelmann1995NN,
    title = {On the Computational Power of Neural Nets},
    journal = {Journal of Computer and System Sciences},
    volume = {50},
    number = {1},
    pages = {132-150},
    year = {1995},
    issn = {0022-0000},
    doi = {10.1006/jcss.1995.1013},
    author = {H.T. Siegelmann and E.D. Sontag},
}

@article{Bellman1952dyprog,
    author = {R. Bellman },
    title = {On the Theory of Dynamic Programming},
    journal = {Proceedings of the National Academy of Sciences},
    volume = {38},
    number = {8},
    pages = {716-719},
    year = {1952},
    doi = {10.1073/pnas.38.8.716},
}

@Article{Tesauro1992difflearn,
    author={Tesauro, G.},
    title={Practical issues in temporal difference learning},
    journal={Machine Learning},
    year={1992},
    month={May},
    day={01},
    volume={8},
    number={3},
    pages={257-277},
    issn={1573-0565},
    doi={10.1007/BF00992697},
}

@article{Verma2018swimDRL,
    author = {S. Verma  and G. Novati  and P. Koumoutsakos},
    title = {Efficient collective swimming by harnessing vortices through deep reinforcement learning},
    journal = {Proceedings of the National Academy of Sciences},
    volume = {115},
    number = {23},
    pages = {5849-5854},
    year = {2018},
    doi = {10.1073/pnas.1800923115}
}

@InProceedings{schaul2015app,
  title = 	 {Universal Value Function Approximators},
  author = 	 {Schaul, T. and Horgan, D. and Gregor, K. and Silver, D.},
  booktitle = 	 {Proceedings of the 32nd International Conference on Machine Learning},
  pages = 	 {1312--1320},
  year = 	 {2015},
  editor = 	 {Bach, Francis and Blei, David},
  volume = 	 {37},
  series = 	 {Proceedings of Machine Learning Research},
  address =  {Lille, France},
  month = 	 {07--09 Jul},
  publisher =    {PMLR}
}

@article{Novati2019gliding,
  title = {Controlled gliding and perching through deep-reinforcement-learning},
  author = {Novati, G. and Mahadevan, L. and Koumoutsakos, P.},
  journal = {Phys. Rev. Fluids},
  volume = {4},
  issue = {9},
  pages = {093902},
  numpages = {16},
  year = {2019},
  month = {Sep},
  publisher = {American Physical Society},
  doi = {10.1103/PhysRevFluids.4.093902},
}

@book{Schwefel1977,
  title={Numerische Optimierung von Computer-Modellen mittels der Evolutionsstrategie},
  author={H. P. Schwefel},
  year={1977},
  publisher={Birkh\:auser Basel},
  edition   = {1},
  isbn = {978-3-7643-0876-6},
  doi = {10.1007/978-3-0348-5927-1}
}

@INPROCEEDINGS{Hansen1996cmaes,
  author={Hansen, N. and Ostermeier, A.},
  booktitle={Proceedings of IEEE International Conference on Evolutionary Computation}, 
  title={Adapting arbitrary normal mutation distributions in evolution strategies: the covariance matrix adaptation}, 
  year={1996},
  volume={},
  number={},
  pages={312-317},
  doi={10.1109/ICEC.1996.542381}
}

@inproceedings{Paschereit2003combGA,
    author = {Paschereit, C. O. and Schuermans, B. and B\:uche, D.},
    title = "{Combustion Process Optimization Using Evolutionary Algorithm}",
    volume = {Volume 2: Turbo Expo 2003},
    series = {Turbo Expo: Power for Land, Sea, and Air},
    pages = {281-291},
    year = {2003},
    month = {06},
    doi = {10.1115/GT2003-38393}
}

@book{brameier2007linear,
  title={Linear Genetic Programming},
  author={Brameier, M.F. and Banzhaf, W.},
  isbn={9780387310305},
  lccn={2006920909},
  series={Genetic and Evolutionary Computation},
  year={2007},
  publisher={Springer US},
  number = {}
}





















